3180 5158
411 625 616 690 Sacerdotia:

352 749 539 822 Ποσειδῶνος
563 747 743 824 Φυταλμίου
1259 745 1319 804 136
1353 740 1397 803 dr.

348 848 529 933 Ἀφροδίτης
1258 846 1318 908 130
1355 880 1394 889 -

348 951 486 1035 Ἀθηνᾶς
511 953 604 1033 Νίκης
1259 951 1319 1011 120
1360 984 1393 991 —

343 1053 465 1132 Ἐνυοῦς
488 1059 536 1119 καὶ
558 1054 707 1118 Ἐνυαλίου
1257 1054 1318 1115 120
1359 1088 1394 1095 -

352 1157 501 1224 Διονύσου
527 1158 760 1241 ῙΙυθοχρήστου
1257 1159 1316 1219 105
1357 1194 1398 1201 -

352 1260 500 1327 Διονύσου
526 1261 669 1345 Βακχέως
1258 1262 1318 1322 100
1356 1297 1396 1308 -

347 1364 487 1447 Ἀγαθῆς
514 1369 620 1448 Τύχης
1256 1365 1317 1426 100
1361 1397 1392 1404 -

342 1467 515 1551 Ἀχιλλέως,
539 1468 675 1545 Θέτιδος,
704 1471 860 1555 liquatum
1279 1469 1295 1531 ‘d
1356 1505 1395 1515 -

625 1603 626 1608 ,
1278 1571 1318 1631 80
1359 1603 1395 1612 ..-

351 1673 499 1739 Διονύσου
1277 1675 1318 1735 80
1356 1707 1396 1717 -

343 1777 484 1861 Ἀθηνᾶς
501 1777 625 1858 Ἀρείας
1278 1779 1319 1840 70
1356 1812 1396 1823 —-

342 1879 524 1961 Ἀρτέμιδος
549 1883 721 1964 Φωσφόρου
1189 1880 1343 1945 50-809
1358 1915 1396 1926 -

349 1988 379 2046 Γ
380 1991 413 2065 ῆς
1278 1985 1317 2045 10
1359 2015 1395 2026 -

407 2136 451 2201 Iis
475 2138 669 2219 sacerdotiis
693 2161 826 2223 quorum
849 2140 952 2222 pretia
972 2141 1058 2202 mille
1082 2138 1247 2202 drachmas
1271 2136 1438 2217 excedant,

304 2237 458 2315 Βασιλέως
483 2237 684 2319 Ἀλεξάνδρου
716 2251 747 2305 ct
784 2239 857 2316 Διός
881 2241 1086 2318 Ἐλευθερίου
1117 2240 1263 2303 addenda
1297 2260 1367 2303 esse
1397 2259 1436 2300 cx

304 2343 490 2425 eponiorum
507 2342 723 2424 magnitudine
740 2343 937 2425 perspicitur.
976 2341 1058 2404 Nam
1075 2342 1115 2404 ad
1132 2342 1305 2425 pretiorum
1319 2341 1438 2423 magni-

305 2444 448 2508 tudinem
465 2446 581 2527 eponia
604 2447 649 2508 ita
665 2452 820 2528 spectant,
842 2452 888 2524 ut,
911 2447 937 2508 si
953 2446 1090 2527 pretium
1105 2446 1189 2508 inter
1213 2445 1440 2528 quinquaginta

306 2553 337 2610 ct
369 2552 493 2610 centum
519 2547 684 2612 drachmas
709 2555 764 2627 est,
789 2547 881 2628 duae,
910 2549 936 2611 ei
958 2549 1040 2611 inter
1065 2554 1193 2612 centum
1217 2556 1248 2611 et
1273 2547 1437 2626 ducentae,

304 2650 452 2733 quinque,
477 2650 502 2712 si
526 2651 607 2714 inter
631 2651 782 2715 ducentas
807 2657 838 2714 et
862 2651 1123 2714 milledrachmas
1147 2658 1302 2729 versatur,
1327 2650 1439 2712 decem

304 2751 473 2816 drachmae
489 2755 720 2835 persolvantur.
759 2755 847 2818 Inter
862 2755 965 2837 pretia
988 2763 1097 2818 autem
1124 2754 1263 2838 quinque
1288 2773 1334 2820 ea.
1358 2772 1439 2836 quac

303 2856 389 2918 mille
406 2854 571 2919 drachmas
587 2859 766 2940 superent1,
791 2878 861 2920 eam
876 2856 1074 2919 intercedere
1085 2858 1318 2939 proportionem
1331 2860 1439 2918 monet

302 2957 578 3041 Dittenbergerus,
608 2966 644 3021 ut
666 2961 770 3043 pretio
802 2960 1017 3023 loco-2000
1039 2957 1261 3021 drachmarum
1292 2959 1440 3041 eponinm

302 3060 425 3142 viginti,
447 3062 549 3145 pretio
575 3063 976 3145 2000—10000ep0nium
993 3060 1202 3144 quadraginta
1219 3059 1438 3124 drachmarum

303 3163 509 3226 constitutum
542 3163 653 3242 fuerit,
687 3186 768 3248 quae
799 3165 962 3248 proportio
1006 3166 1152 3248 quamvis
1182 3164 1261 3226 mira
1291 3170 1440 3225 accurate

301 3266 495 3349 respondeat
519 3267 558 3347 ei,
583 3268 714 3350 quaein
738 3268 860 3350 eponiis
880 3268 1051 3330 loo—200
1070 3271 1101 3356 et
1115 3267 1307 3328 200--1000
1331 3265 1440 3327 drach·

301 3388 424 3430 marum
449 3369 532 3434 insit.

403 3495 509 3575 Atque
534 3489 677 3578 eandem,
702 3519 783 3580 quae
809 3497 985 3579 eponium‘2,
1010 3497 1073 3558 vim
1097 3495 1216 3559 habere
1239 3496 1365 3559 ridetur
1387 3495 1439 3557 illa

306 3594 454 3660 ἑκατοστὰ
478 3600 527 3660 καὶ
550 3599 719 3678 τριακοσιά“
743 3602 774 3663 in
799 3602 889 3665 tituto
913 3599 976 3680 1b;
1001 3621 1059 3662 nec
1076 3606 1179 3662 tamon
1200 3599 1369 3682 perspicio,
1386 3599 1439 3680 qui

404 3847 413 3883 ¹
434 3845 500 3900 1300
519 3848 558 3899 dr.
578 3864 603 3900 v,
622 3848 663 3912 64,
684 3848 748 3901 1921
771 3849 810 3899 dr.
833 3865 856 3898 v.
876 3847 918 3910 86,
937 3846 1006 3900 9040
1027 3847 1064 3897 dr.
1087 3864 1110 3896 v.
1130 3845 1171 3905 42,
1190 3845 1259 3898 4600
1278 3846 1317 3897 dr.
1337 3859 1362 3896 v,
1384 3843 1439 3905 102,

298 3933 369 3985 4610
396 3932 436 3985 dr.
456 3949 479 3984 r.
498 3933 539 3986 99.

402 4020 473 4069 ²De
491 4021 589 4084 cpooio
609 4036 633 4070 v.
654 4021 722 4071 Poll.
741 4021 766 4083 7,
787 4021 881 4082 Harpa,
909 4018 999 4082 Etym.
1024 4018 1068 4079 Μ.,
1092 4019 1157 4068 Lex.
1186 4018 1255 4069 rhet.
1282 4033 1307 4081 p.
1331 4016 1389 4076 955,
1416 4018 1438 4080 1,

299 4103 402 4169 Phryn.
422 4102 544 4155 Bekkeri
563 4121 588 4169 p.
607 4103 650 4166 40,
670 4104 693 4156 7.
725 4105 848 4156 Dittenb.
869 4104 893 4155 S.
914 4105 936 4154 I.
956 4102 987 4154 G.
1007 4121 1033 4154 n.
1052 4102 1084 4156 37
1104 4119 1162 4169 sqq.
1183 4103 1301 4153 Boeckh.
1322 4102 1439 4153 Staetsh.

299 4189 311 4235 Ι
336 4203 353 4251 p
381 4186 432 4239 432
456 4203 513 4254 sqq.
557 4191 670 4244 Athenis
699 4192 800 4256 eponia
830 4191 911 4240 aliter
940 4205 999 4240 csse
1028 4193 1185 4252 computate
1209 4194 1289 4254 atque
1315 4186 1440 4253 Erythris

298 4269 421 4333 Rayetus
456 4271 493 4335 (p.
527 4273 589 4333 124)
625 4278 700 4325 recte
734 4275 809 4324 dixit.
863 4273 916 4324 Sed
954 4290 989 4324 ne
1024 4273 1205 4324 Athenienses
1245 4271 1350 4339 quidem
1385 4288 1439 4323 uno

299 4353 449 4422 eodemque
475 4372 581 4423 semper
601 4360 700 4424 eponio
720 4376 783 4411 usos
807 4375 898 4412 essee
926 4358 953 4410 O.
974 4359 995 4410 I.
1015 4358 1046 4410 A.
1066 4357 1079 4408 Ι
1097 4358 1148 4411 277
1167 4364 1288 4423 opertum
1313 4363 1362 4409 cst.
1400 4353 1441 4408 Of.

298 4440 402 4491 Anthea
422 4457 446 4505 p.
466 4443 508 4496 44.
