3180 5158
303 523 344 585 ao
835 521 903 610 [so]

301 737 396 801 quam
421 713 541 777 Atticas
565 713 710 779 cunctati
766 715 848 788 Quin
879 716 974 779 ctiam
1003 714 1133 782 tutelam
1178 717 1304 786 mulieri
1325 743 1433 805 gerere

300 821 424 885 licuisse
457 842 486 883 e.
515 839 545 882 V.
571 820 631 881 122
655 839 721 901 sqq.
752 820 926 882 cernimus:
977 818 1150 900 Διοσκόρων
1181 821 1343 900 Ἀστύνους
1376 825 1436 889 Ed·

300 923 398 987 θύνου
414 926 462 986 uui
479 921 692 999 ἐπίτροπος
711 919 821 983 Noooni
837 921 936 999 Σίμου
952 925 1000 982 καὶ
1016 921 1117 1002 κύριος
1135 930 1272 1002 Ννσσοιῗς
1284 927 1435 1010 (deducam

301 1025 493 1108 Δημητρίου.
535 1025 580 1086 Ut
596 1025 679 1086 aliud
697 1023 827 1086 afferam
844 1025 1038 1107 exemplum,
1056 1025 1271 1091 Halicarnassi
1288 1033 1433 1095 mulieres

299 1130 380 1192 adeo
404 1149 468 1189 non
496 1127 648 1189 coercitae
673 1134 763 1188 erant
786 1126 920 1209 legibus,
952 1133 985 1190 ut
1018 1131 1113 1191 etiam
1144 1133 1266 1194 emendi
1297 1133 1430 1198 facultas

296 1234 335 1296 iis
360 1229 612 1295 corrccderctur2.

401 1333 463 1396 Sed
488 1332 597 1394 redeat
620 1331 791 1414 disputatio
809 1352 856 1408 eo,
880 1331 963 1394 unde
980 1333 1122 1415 digressa
1140 1344 1197 1398 ost.
1237 1337 1428 1423 Plerumque

297 1439 393 1522 igitur
416 1435 483 1497 fieri
508 1435 598 1512 solet,
623 1435 648 1496 si
676 1435 745 1517 quis
769 1434 947 1497 sacerdotia
972 1436 1048 1497 emit
1064 1439 1248 1519 compluria,
1265 1449 1300 1501 nt
1317 1442 1429 1504 eodem

298 1541 381 1604 vada
405 1536 537 1600 utatur3.
584 1536 774 1619 Emptornm
790 1537 927 1620 denique
943 1536 1077 1600 alterum
1094 1560 1151 1621 pro
1172 1540 1271 1604 altero
1289 1564 1430 1605 nonnun-

299 1665 391 1728 quam
423 1639 580 1726 spcndcre
613 1650 859 1702 consentaneum
891 1646 947 1703 est.
1001 1641 1053 1703 Sic
1084 1644 1218 1717 Καλλίας
1255 1646 1431 1721 Καλλίωνος

298 1769 355 1831 pro
380 1740 587 1828 Μητροδώρῳ
613 1741 787 1824 Διοφάντου
811 1764 964 1826 versaque
986 1744 1053 1806 vice
1070 1747 1281 1826 Μητρόδωρος
1300 1746 1430 1830 Διοφάν-

297 1875 351 1912 του
381 1868 437 1931 pro
474 1845 591 1930 Καλλίᾳ
625 1845 799 1920 Καλλίωνος
829 1846 973 1928 spondet,
1007 1846 1046 1909 cf.
1079 1869 1108 1909 n.
1135 1851 1184 1911 12.
1215 1853 1263 1912 13.
1309 1850 1431 1914 Eadem

296 1952 377 2017 ratio
403 1957 450 2013 est
482 1949 562 2010 inter·
587 1952 684 2026 Σῖμον
716 1945 918 2010 ζ-Ῐπολλωννόυ
952 1957 983 2010 et
1014 1949 1172 2031 Βακχύλον
1205 1951 1429 2033 ῘΙΙητροιὶώρου,
1500 1957 1504 1964 ’

298 2057 335 2117 ci.
359 2077 390 2117 n.
415 2056 464 2115 16.
493 2054 539 2114 li.

829 2362 846 2442 a
870 2365 899 2426 a.

400 2554 446 2604 Du
466 2550 710 2604 sustinuerunt
732 2550 994 2602 linoriuunnrrs
1016 2552 1325 2615 retribuensque,

400 2726 452 2788 Ad
475 2724 595 2788 reditus
620 2721 819 2785 sacerdotum
846 2723 1086 2804 cognoscendus
1116 2724 1245 2785 maximi
1276 2729 1428 2790 momenti

220 2821 223 2826 ¹
297 2842 347 2899 est
370 2832 482 2895 titulus
505 2827 814 2891 Halicarnassensis:
855 2826 975 2889 Dianae
999 2828 1163 2909 Pergaeaa
1186 2830 1344 2892 sacerdoti
1366 2832 1428 2892 vic-

296 2937 444 2999 timarum
469 2933 594 3017 publice
618 2952 782 2993 caesarum
805 2931 943 2991 omnium
969 2938 1094 3012 praeter
1109 2953 1205 2993 unum
1230 2932 1426 3010 sacrificium,

295 3041 383 3102 cuius
405 3038 523 3121 pariter
546 3035 715 3117 participes
738 3034 819 3095 fiunt
841 3042 1012 3117 prytanum
1036 3033 1207 3113 mulierosi,
1235 3056 1334 3119 perna
1356 3057 1426 3120 per-

293 3161 417 3224 naeque
428 3139 583 3224 proxima,
595 3138 749 3200 viscerum
763 3156 834 3217 pars
848 3141 969 3219 quarta,
982 3136 1087 3220 poliis3
1104 3138 1249 3218 privatim
1264 3159 1425 3202 caesarum

294 3249 429 3326 excepto
461 3241 545 3324 pelle
577 3239 689 3301 eadem
720 3239 889 3302 tribuenda
920 3247 1001 3301 sunt.
1047 3239 1184 3302 Reditus
1217 3263 1257 3304 ex
1289 3242 1424 3325 pellibus

295 3348 390 3426 ducti,
414 3346 467 3427 qui
483 3345 578 3424 vulgo
603 3341 781 3422 deputamur
805 3342 1017 3418 nominantur,
1042 3361 1106 3404 non
1128 3364 1255 3425 semper
1277 3344 1309 3404 in
1326 3366 1427 3407 sacor-

295 3450 404 3512 dotum
435 3467 539 3510 arcam
571 3445 724 3528 proticisci
757 3445 912 3508 solebant.
959 3443 1067 3506 Veluti
1099 3445 1182 3527 apud
1217 3445 1426 3510 Athenienses

294 3574 366 3616 cum
389 3550 540 3613 sacrificia
571 3548 697 3632 publica
729 3548 848 3611 fiebant
876 3548 1006 3626 maiora,
1037 3546 1243 3610 dermaticum
1274 3549 1350 3611 illud
1385 3549 1424 3612 ad

293 3655 517 3737 rempublicam
540 3651 671 3716 rediisse
687 3651 835 3714 constat-⁷³.
882 3651 1014 3713 Praeter
1037 3650 1115 3711 haec
1135 3651 1347 3714 emolumenta
1364 3653 1424 3715 sin·

291 3758 374 3841 gulis
396 3756 558 3820 mensibus
581 3753 730 3818 sacerdos
753 3776 794 3817 err
817 3773 905 3815 sacro
930 3754 1080 3815 thesauro
1113 3774 1209 3815 unam
1240 3752 1422 3816 drachmam

293 3861 406 3944 accipit
438 3858 478 3922 ad
513 3859 773 3942 supplicationem
811 3855 1007 3937 singulorum
1046 3856 1200 3918 mensium
1238 3856 1328 3919 initio
1366 3876 1424 3938 pro

395 4121 402 4152 ¹
423 4118 457 4169 cf.
477 4119 568 4183 Rayct
585 4118 602 4168 1.
623 4132 645 4167 c.
666 4133 690 4181 p.
714 4115 768 4167 123.

394 4203 405 4240 ²
425 4205 460 4255 cf.
479 4204 522 4254 tit.
541 4202 583 4253 III
603 4220 626 4252 v.
646 4201 670 4253 8.
706 4202 811 4251 Anthes
831 4218 856 4266 p.
877 4199 915 4250 17.

393 4291 403 4324 ⁸
423 4291 457 4341 cf.
477 4307 559 4354 supra
579 4305 604 4339 n.
623 4287 648 4346 2,
666 4287 691 4352 ὃ,
712 4289 751 4351 11,
772 4286 811 4339 15.

393 4375 457 4427 ior.
476 4391 502 4441 p.
521 4373 562 4427 32.

394 4462 462 4512 ⁵De
481 4460 687 4512 Atheniensium
708 4458 880 4509 sacerdotum
904 4456 1037 4508 reditibus
1057 4458 1091 4507 ot.
1111 4456 1231 4506 Boeckh.
1257 4455 1375 4506 Staatsh.
1394 4456 1422 4508 11

291 4566 316 4618 p.
337 4547 387 4600 120
403 4564 462 4615 sqq.
483 4548 510 4598 O.
531 4550 551 4597 I.
572 4548 602 4598 G.
621 4546 635 4596 1
654 4562 680 4610 p.
699 4544 759 4597 251.
797 4544 906 4594 Martha
925 4545 942 4594 l.
962 4562 983 4594 c.
1004 4560 1027 4608 p.
1050 4541 1099 4593 1‘20
1117 4557 1175 4607 sqq.
