3180 5174
833 497 900 578 [3⁸]

404 692 436 771 3)
461 691 582 763 Restat,
612 697 647 752 ut
671 709 872 772 quaeramus,
896 687 1100 770 quamobrem
1126 689 1292 752 sacerdotii
1317 688 1433 772 emptio

297 795 435 858 venditio
452 795 594 856 instituta
618 793 667 855 sit.
713 792 762 853 Ac
784 792 917 875 primum
943 791 1066 874 quidem
1093 793 1230 854 maxime
1255 793 1430 856 cavendum

297 907 353 978 est,
378 921 417 960 ne
434 897 631 959 Boeckhium
655 895 756 959 secuti
773 895 853 956 hanc
870 895 1063 957 Graecorum
1081 895 1344 960 consuetudinem
1361 917 1430 957 cum

296 1023 396 1085 prava
418 1001 482 1081 illa,
506 1020 599 1084 quam
623 1000 718 1061 medii
740 999 811 1062 aevi
835 1000 1029 1082 temporibus
1055 1000 1189 1062 valuisse
1213 1000 1295 1062 inter
1323 1021 1432 1062 ornnes

298 1111 429 1174 constat,
463 1103 697 1187 quodammodo
727 1102 958 1165 confundamus
983 1108 1038 1165 aut
1068 1123 1295 1186 comparemus.
1351 1102 1433 1164 Nam

298 1209 493 1270 Graecorum
511 1207 663 1287 venditio,
681 1226 871 1288 quamquam
890 1225 907 1265 a
924 1205 1081 1290 Dionysio
1099 1205 1306 1290 improbatur,
1328 1215 1433 1269 tamen

298 1311 338 1374 ab
362 1311 416 1372 illo
441 1310 536 1371 medii
566 1310 637 1372 aevi
667 1309 769 1371 abusu
798 1328 836 1370 eo
869 1309 994 1372 nornine
1024 1310 1160 1371 maxime
1192 1308 1306 1390 differt,
1337 1309 1434 1393 quod,

298 1436 372 1477 cum
389 1412 562 1496 Dionysius
579 1411 740 1493 emptione
756 1411 933 1474 sacerdotia
953 1413 1061 1492 quaeri
1079 1410 1190 1474 codem
1208 1413 1275 1474 iure
1296 1433 1334 1475 ac
1350 1419 1435 1474 sorte

296 1517 426 1598 iudicet,
449 1537 512 1578 non
535 1515 657 1595 fraude,
682 1514 737 1577 sed
761 1516 832 1596 lege
848 1515 1011 1577 venditata
1029 1521 1101 1578 sunt
1118 1515 1305 1578 sacerdotia.
1337 1515 1434 1578 Prae-

298 1627 387 1684 terea
410 1621 448 1684 ad
473 1621 626 1704 pietatem
659 1639 735 1701 erga
767 1619 843 1682 deos
875 1618 1125 1701 religionemque
1157 1618 1433 1680 comminuendam

298 1730 333 1786 ut
349 1725 491 1801 simonia,
515 1742 596 1806 quae
612 1723 803 1801 nominatur,
826 1723 966 1800 maximi,
990 1723 1035 1784 ita
1051 1721 1170 1784 minimi
1190 1720 1271 1804 apud
1292 1720 1432 1783 Graecos

297 1828 356 1890 fuit
379 1825 540 1910 ponderis,
564 1824 647 1908 quod
666 1825 818 1886 nonnulla
834 1825 1011 1888 sacerdotia
1033 1825 1192 1888 venibant.
1238 1827 1434 1888 Graecorum

299 1931 380 1992 enim
405 1927 587 1990 sacerdotes
611 1948 742 2011 corpore
766 1929 893 2011 vitaque
916 1928 1050 2010 integril
1075 1933 1105 1990 et
1121 1928 1227 1991 eives‘2·
1250 1950 1319 1991 esse
1336 1927 1432 1990 debe·

297 2033 375 2095 bant
407 2051 512 2113 neque
544 2031 676 2093 scientia
707 2030 743 2092 iis
778 2051 857 2112 opus
890 2038 958 2092 erat
990 2013 1190 2113 dogmatica3
1225 2031 1276 2115 qui
1309 2038 1434 2114 praeter

297 2133 415 2216 templa
444 2131 584 2195 tuenda3
618 2139 649 2194 et
683 2131 890 2195 celebrandos
926 2133 992 2195 dies
1026 2132 1123 2196 festos
1157 2134 1233 2196 nihil
1268 2135 1432 2215 curabant,

300 2236 495 2318 deorumque
514 2236 616 2298 cultus
633 2256 672 2297 ne
690 2256 709 2297 a
724 2243 850 2317 patrum
864 2257 950 2299 more
962 2237 1149 2316 diseederet,
1165 2238 1304 2300 maxime
1316 2237 1435 2300 dabant

299 2361 440 2423 operam.
480 2340 606 2423 ltaque,
630 2340 697 2403 sive
720 2349 806 2403 sorte
823 2342 888 2403 sive
906 2341 1065 2423 emptione
1082 2342 1316 2424 quaerebantur
1332 2362 1435 2404 sacer·

299 2443 396 2522 dotia,
420 2443 602 2505 sacerdotes
625 2443 686 2527 ipsi
710 2465 767 2506 nec
796 2443 966 2507 deteriores
998 2465 1056 2507 nec
1084 2445 1330 2527 praestantiores
1362 2465 1430 2507 csse

299 2545 502 2623 videbantur3
526 2567 586 2608 nec
608 2567 699 2610 secus
716 2545 890 2631 Dionysius
912 2554 1018 2632 empta
1036 2567 1125 2610 saera
1141 2547 1180 2609 ab
1197 2547 1268 2627 illis,
1294 2567 1375 2630 quae
1392 2549 1432 2610 ad

299 2654 416 2712 sortem
428 2647 671 2725 revocabantur,
682 2649 726 2710 ita
739 2647 897 2724 discernit,
910 2656 945 2711 ut
958 2649 1207 2712 sacerdotiorum
1218 2647 1433 2712 venditionem

300 2750 440 2833 φαύλως,
475 2753 670 2814 sortitionem
694 2750 916 2830 ἀπερισκέπτως
946 2752 1122 2815 institutam
1153 2772 1222 2814 esse
1252 2752 1433 2818 arbitretur.

301 2855 407 2928 Quam
430 2855 626 2938 emptionem
645 2853 862 2917 venditionem
879 2875 949 2917 curn
967 2855 1040 2917 inde
1055 2855 1094 2917 ab
1114 2855 1289 2918 Alexandri
1306 2856 1432 2918 demum

300 2958 495 3040 temporibus
519 2957 655 3020 valuisse
680 2959 930 3039 cognoverimus,
963 2958 994 3021 in
1018 2957 1196 3020 civitatibus
1221 2957 1310 3021 bellis
1334 2965 1432 3042 atque

300 3059 433 3123 excidiis
449 3059 488 3122 ad
507 3059 643 3144 inopiam
660 3060 795 3123 redactis
813 3069 919 3125 natam
937 3083 1007 3126 esse
1024 3061 1226 3123 manifestum
1243 3069 1301 3126 est.
1325 3063 1434 3144 Atque

298 3171 334 3227 ut
350 3162 490 3227 Asianae
514 3163 658 3225 civitates
674 3163 724 3225 vel
748 3166 887 3227 maxime
913 3164 1021 3227 vexari
1037 3170 1133 3246 atque
1157 3164 1277 3226 turbari
1299 3172 1434 3246 coeptae

299 3273 382 3346 sunt,
406 3267 450 3328 ita
473 3265 515 3329 ibi
538 3267 673 3348 primum
698 3266 947 3330 sacerdotiorum
972 3266 1185 3329 venditionem
1210 3266 1240 3327 in
1261 3288 1322 3329 usu
1336 3267 1433 3331 fuisse

298 3368 442 3434 vidimus.
466 3367 696 3432 Halicarnassii
713 3368 840 3452 quidem
857 3370 935 3433 urbe
948 3370 988 3432 ab
1002 3368 1184 3433 Alexandro
1199 3371 1315 3451 Magno
1330 3370 1435 3432 diruta

299 3474 383 3537 vires
406 3473 554 3554 colligere
578 3478 609 3535 et
631 3492 783 3536 revocare
813 3473 1016 3538 studuerunt.
1063 3473 1155 3546 Quod
1179 3480 1214 3535 ut
1244 3473 1434 3553 efficeretur,

298 3578 380 3639 hanc
403 3597 531 3660 quoque
553 3575 734 3639 sacerdotes
759 3577 972 3639 constituendi
988 3577 1145 3640 rationem
1167 3576 1341 3640 institutam
1365 3597 1435 3640 esse

300 3677 469 3742 verisimile
494 3684 551 3742 est.
595 3677 852 3742 Sacerdotiorum
875 3680 971 3763 igitur
995 3680 1138 3744 venditio
1162 3680 1242 3742 nihil
1264 3680 1350 3743 aliud
1374 3681 1435 3743 nisi

298 3783 425 3864 liturgia
460 3781 616 3865 quaedam
653 3781 749 3846 fuisse
783 3782 924 3862 videtur,
959 3804 1021 3866 qua
1057 3785 1166 3847 civitas
1199 3783 1295 3847 rebus
1329 3783 1434 3846 dubiis

299 3886 414 3949 civium
436 3885 588 3969 pecunias
619 3884 659 3948 ad
691 3907 725 3948 se
755 3893 931 3950 revocaret.
978 3885 1071 3949 Cives
1100 3893 1207 3950 autem
1238 3908 1302 3950 non
1333 3890 1434 3951 solum

298 3988 439 4070 honoris,
463 3989 518 4052 sed
543 3989 637 4052 etiarn
662 3997 812 4073 quaestus
828 4011 924 4054 causa
940 3989 1118 4053 sacerdotia
1135 3996 1290 4054 emerunt.
1320 3990 1434 4075 Itaque

298 4093 439 4156 maxime
462 4092 635 4156 dolendum
660 4102 718 4175 est,
742 4095 826 4178 quod
850 4114 914 4157 non
937 4095 1001 4156 iam
1025 4095 1090 4159 erui
1115 4100 1230 4178 potest,
1254 4103 1372 4178 quanta
1401 4103 1433 4159 et

404 4343 414 4377 ¹
432 4343 466 4394 cf.
486 4343 574 4410 Etym.
595 4343 633 4397 M.
651 4360 678 4410 p.
699 4344 754 4397 lte.

401 4431 412 4463 ²
431 4428 466 4481 cf.
483 4429 558 4481 Dem.
572 4430 671 4482 Eubul.
690 4429 758 4494 §aa
773 4431 833 4482 adv.
847 4431 944 4483 Neaer.
963 4429 976 4494 ἕ
993 4427 1036 4480 75.
1055 4430 1134 4482 Rosa.
1148 4431 1230 4482 inser.
1244 4447 1284 4496 gr.
1297 4430 1340 4482 III
1354 4447 1380 4496 p.
1393 4429 1435 4483 59.

401 4512 465 4566 ⁸cl'.
485 4515 567 4566 Arist.
586 4515 645 4568 Pol.
665 4516 705 4566 VI
723 4514 748 4567 5.
