3180 5174
683 450 749 536 [11]
1242 455 1275 518 li

155 671 185 712 v.
206 652 263 712 157
281 670 325 731 sq.
345 647 482 711 venditio
506 644 696 708 0110010010
712 646 805 727 plane
822 652 852 707 et
869 645 984 709 diserte
1000 647 1174 730 respicitur.
1213 645 1279 710 Nec

154 753 246 816 facile
264 753 375 835 opinor
392 773 461 814 0000
477 751 575 830 dictu,
594 750 619 812 si
636 749 704 832 quis
722 749 875 832 lapicidae
891 770 1028 812 errorem
1045 750 1281 832 agnoscendum

155 878 224 921 esse
240 863 345 939 neget,
370 855 573 939 quamobrem
590 853 683 915 huius
700 852 739 914 de
762 874 824 937 qua
841 853 946 935 agitur
961 853 1148 916 venditionis
1166 853 1281 916 mentio

155 984 211 1025 suo
246 962 316 1022 loco
352 980 414 1022 uon
448 959 511 1021 fiat.
556 957 650 1020 Dicat
679 957 832 1040 quispiam
856 955 1099 1038 Hegesagoram
1123 956 1169 1019 bis
1193 958 1283 1020 sacri-

155 1064 282 1127 ficulum
304 1063 400 1127 luisse
426 1085 462 1125 aa
485 1063 618 1144 primum
642 1060 778 1143 quidem,
802 1061 893 1123 sicuti
917 1059 1134 1143 Pythocritum
1159 1061 1201 1140 (v.
1229 1062 1281 1138 18)

155 1174 186 1231 01
209 1168 382 1230 Μο110110111
407 1166 449 1247 (v.
473 1166 538 1245 42),
571 1172 743 1248 antequam
773 1166 874 1248 prima
907 1185 988 1248 quac
1018 1165 1099 1228 inest
1129 1166 1159 1226 in
1190 1165 1281 1228 titulo

82 1333 86 1343 ,
155 1270 294 1333 venditio
319 1270 519 1333 1001000001.
565 1269 600 1330 Id
633 1276 737 1332 tamen
771 1289 935 1353 perperam
968 1270 1097 1332 iudicari
1121 1289 1149 1332 v.
1175 1271 1214 1330 14
1237 1289 1282 1352 sq.

155 1375 319 1452 evincitur,
343 1374 396 1436 ubi
412 1373 495 1436 idem
512 1373 646 1436 Veneris
663 1371 869 1435 sacerdotium
887 1393 969 1437 anuo
988 1383 1061 1436 ante
1077 1373 1283 1436 Theudorum

155 1478 289 1541 veniisse
323 1477 482 1540 docemur.
533 1476 754 1559 Pythocritum
786 1497 860 1539 vero
891 1476 1133 1561 Metronemque
1165 1477 1282 1560 optimo

156 1579 224 1643 iure
247 1581 278 1642 iu
303 1579 363 1643 hoc
384 1581 487 1643 indice
504 1581 636 1642 omissos
652 1601 720 1643 esse
738 1601 776 1642 ex
793 1580 841 1658 iis,
865 1600 945 1662 quac
961 1602 1056 1664 supra
1073 1582 1147 1658 dixi,
1172 1583 1283 1645 elucet.

258 1682 310 1744 Ad
342 1682 408 1746 eius
439 1682 569 1761 deindo,
605 1683 658 1766 qui
689 1687 832 1766 quartam
856 1682 937 1745 tituli
973 1688 1093 1766 partem
1131 1683 1284 1763 exaravit,

153 1785 310 1869 lapicidae
342 1807 477 1850 errorem
508 1787 560 1848 vel
591 1787 728 1849 maxime
757 1807 786 1851 v.
813 1789 890 1850 154:
936 1812 998 1850 1κεν
1030 1783 1088 1868 τὴν
1118 1787 1284 1868 γυναικείαν

158 1885 251 1970 q'yopa
273 1889 443 1954 vertendus
467 1896 524 1953 est.
571 1889 661 1962 Quae
684 1890 780 1954 verba
811 1890 849 1952 ad
882 1912 1008 1973 prorsus
1039 1891 1135 1952 alium
1159 1889 1283 1952 titulum

156 1999 299 2076 spectare
322 2000 430 2056 contra
447 1993 615 2076 Repetam,
640 1993 728 2056 cuius
752 1995 860 2056 miram
884 1994 1176 2077 interpretationem
1193 2015 1284 2076 prae·

156 2102 255 2175 10100,
269 2097 533 2179 Dittenbergerus
549 2104 670 2161 monet:
694 2098 744 2181 qui
761 2099 824 2160 iam
840 2099 871 2160 in
883 2097 987 2182 lapide
1000 2097 1098 2162 fuisse
1111 2105 1281 2182 antequam

155 2201 264 2264 titulus
285 2200 493 2264 incidereturr
510 2222 635 2265 versum
652 2201 739 2264 illum
756 2211 788 2265 et
803 2202 1005 2265 dextrorsum
1022 2210 1053 2264 01
1070 2201 1282 2263 sinistrorsum

156 2304 405 2367 continuandum
427 2312 525 2384 putet.
572 2303 635 2366 Sed
667 2306 812 2389 equidem
839 2305 1016 2389 perspicere
1049 2326 1111 2367 nou
1144 2325 1283 2389 possum,

156 2409 357 2491 quamobrem
390 2415 453 2470 1100
489 2409 648 2471 minimum
682 2408 803 2492 lapides
838 2409 918 2472 inter
953 2431 986 2472 se
1023 2408 1178 2471 coniuncti
1212 2408 1282 2486 sint,

157 2533 230 2575 cum
253 2511 291 2576 de
316 2532 378 2573 uno
402 2518 524 2574 tantum
549 2533 641 2574 versu
662 2519 784 2595 agatur.
823 2511 924 2575 Immo
941 2534 1017 2576 vero
1033 2512 1168 2594 lapicida
1185 2512 1283 2574 oculis

157 2615 306 2679 adoliam
327 2616 544 2684 venditionum
560 2616 712 2678 rubricam
730 2615 949 2678 aberrantibus
966 2636 1126 2694 versuum,
1150 2636 1282 2697 quorum

155 2727 288 2803 uterque
306 2720 338 2782 in
363 2719 487 2800 ἢγορα
511 2719 628 2799 exibat,
651 2719 801 2782 similibus
819 2719 932 2782 linibus
948 2717 1100 2802 deceptus
1118 2718 1213 2780 verba
1230 2718 1284 2780 illa

154 2824 292 2905 addidit3
315 2824 429 2887 deinde
451 2844 557 2887 errore
581 2825 706 2904 cognito
729 2823 769 2887 ad
792 2824 906 2886 iustam
930 2821 1023 2886 rediit
1045 2822 1200 2886 rubricam
1226 2842 1283 2885 nec

154 2936 261 2991 tamen
278 2949 404 2990 versum
420 2927 508 2989 illum
525 2927 707 3010 exsculpsit.
739 2927 852 3010 Itaque
868 2948 908 2988 ex
924 2926 985 2988 hoo
1005 2926 1073 3009 ipso
1090 2947 1196 2990 errore
1213 2948 1284 3011 per·

155 3033 296 3116 spicuam
321 3036 377 3108 est,
401 3031 494 3115 quale
516 3030 611 3093 fuerit
635 3031 806 3114 exemplar,
829 3030 912 3115 quod
930 3029 1081 3113 lapidario
1098 3030 1129 3091 in
1144 3029 1282 3112 lapidem

156 3134 409 3198 transferendum
435 3140 484 3197 001
507 3135 714 3216 propositum.
761 3134 854 3206 Quod
879 3156 949 3197 cum
966 3135 1069 3198 101100
1087 3134 1283 3197 venditiones

155 3259 214 3300 nec
247 3259 310 3301 non
346 3237 543 3301 condiciones
578 3239 857 3319 complecteretur,
898 3238 1051 3321 lapicidae
1085 3244 1191 3300 autem
1226 3239 1284 3300 nisi

154 3340 403 3404 sacerdotiorum
426 3341 621 3404 venditiones
647 3342 722 3404 nihil
746 3342 775 3402 iu
801 3341 925 3403 titulum
950 3349 1034 3406 00001
1056 3340 1282 3423 recipiendum,

154 3446 246 3509 facile
269 3447 335 3508 fieri
358 3446 472 3526 potuit,
496 3452 531 3510 ut
553 3453 584 3510 01
603 3445 835 3530 Hegesagorae
851 3445 1029 3523 sacrificuli,
1052 3445 1091 3508 de
1109 3466 1171 3529 quo
1188 3465 1283 3527 supra

155 3551 215 3633 egi,
239 3572 339 3614 annus
356 3553 553 3614 omitteretur
577 3559 608 3612 et
630 3550 829 3629 1010111101,
849 3550 903 3611 ubi
927 3549 966 3613 de
987 3550 1074 3613 Iovis
1090 3548 1283 3612 Liberaloris

155 3652 332 3717 sacerdotio
355 3655 468 3736 agitur,
491 3654 587 3717 verba
603 3656 608 3694 ¹
633 3652 789 3738 quaedam
804 3651 1004 3731 adderentur,
1022 3675 1102 3736 quae
1118 3652 1157 3715 ad
1175 3672 1283 3714 omues

156 3757 195 3820 de
213 3756 325 3840 quibus
342 3758 372 3818 in
389 3758 449 3820 boo
464 3758 557 3820 titulo
571 3757 674 3839 agitur
690 3756 939 3819 sacerdotiorum
955 3758 1116 3839 pertinent
1129 3755 1283 3818 venditio-

155 3881 219 3924 nes.
267 3860 375 3944 Atque
398 3860 477 3923 baec
499 3861 595 3924 verba
614 3860 797 3923 sacerdotiis
814 3859 954 3921 nondum
971 3858 1117 3935 venditis,
1142 3858 1284 3942 quamvis

84 4025 86 4028 .
157 3971 263 4029 essent
285 3970 361 4048 apta
385 3970 417 4027 et
438 3963 625 4038 necessaria,
657 3970 763 4026 tamen
795 3963 826 4025 in
855 3963 923 4046 ipso
956 3962 1059 4041 titulo,
1091 3983 1151 4044 quo
1182 3961 1284 4022 100100

155 4074 381 4130 enumerantur
412 4066 625 4144 venditiones,
660 4065 744 4128 haud
775 4066 870 4128 dubie
900 4072 988 4128 erant
1020 4063 1202 4126 omittenda.
1247 4063 1284 4125 In

160 4169 331 4255 exemplari
355 4171 461 4254 igitur,
492 4177 527 4258 ut
558 4172 618 4233 hoc
646 4170 743 4233 verbo
773 4176 854 4248 utar,
887 4190 949 4232 non
973 4166 1074 4230 solum
1107 4188 1187 4251 quae
1210 4188 1285 4230 1011-

159 4274 262 4338 denda
285 4282 539 4358 proponerentur
563 4273 739 4338 sacerdotia
769 4273 874 4352 fuisse,
907 4273 962 4336 sed
992 4270 1149 4334 etiamad
1176 4292 1287 4333 unum·

257 4428 264 4456 ¹
283 4426 304 4474 al
319 4424 366 4488 priv
383 4410 449 4475 darer
468 4423 600 4484 (Dillenb.
618 4428 662 4488 μὲν
681 4420 757 4483 lurra)
776 4422 858 4488 ἱερεύς,
885 4421 1055 4481 incumbitur,
1081 4420 1103 4470 εἰ
1121 4418 1148 4470 δὲ
1164 4417 1199 4485 μή
1217 4418 1285 4485 ἓστιμ

155 4508 289 4573 (Dillenb.
306 4510 342 4580 μή
360 4507 452 4576 lurra),
472 4516 596 4563 πωλεῖται.
