3180 5174
694 491 763 574 pr]
1255 497 1295 556 er

163 681 307 762 attigisse
333 681 487 759 rideatur,
509 703 574 744 non
596 682 721 745 Dorum
744 690 799 745 aut
816 682 929 746 Ionum
951 685 1078 768 propria
1094 684 1162 765 fuit,
1186 685 1239 747 sed
1258 705 1299 746 cx

51 800 55 804 ·
163 784 268 848 alieno
293 784 430 867 quodam
460 806 549 848 moro
578 785 618 848 ab
651 787 778 848 Asianis
807 787 1002 851 Graecorum
1032 787 1212 850 civitatibus
1241 789 1299 848 im-

164 888 270 970 primis
294 896 420 971 rccepto
438 886 580 950 derivata
597 895 654 953 est.
685 889 881 952 Adiumento
899 897 947 952 est
962 890 1035 953 huic
1050 891 1191 973 opinioni
1208 909 1298 952 meac

163 991 251 1054 locus
275 991 402 1073 quidam
428 991 599 1074 Ciceronis,
623 1014 843 1076 quemnemo,
870 1004 1023 1077 quantum
1048 995 1123 1074 scio,
1153 995 1193 1056 ad
1225 1015 1298 1056 oon·
1356 999 1357 1002 ’

162 1093 364 1157 suetudinem
389 1094 473 1156 illam
497 1096 631 1174 rettulit,
656 1097 807 1159 orationis
830 1119 885 1180 pro
908 1097 945 1158 P.
970 1096 1072 1160 Sestio
1097 1119 1124 1160 c.
1142 1100 1182 1159 26
1206 1097 1298 1176 §am

163 1194 260 1279 ‘Lege
293 1197 461 1260 tribunicia
491 1197 600 1260 Matris
634 1198 771 1281 Magnae
805 1199 1028 1262 Pessinuntius
1061 1200 1114 1262 illc
1149 1200 1298 1262 sacerdos

163 1299 317 1382 expulsus
340 1307 372 1362 ct
395 1301 550 1382 spoliatus
572 1300 751 1364 sacerdotio
770 1309 819 1364 est
838 1301 1055 1384 fenumque
1078 1303 1298 1366 sanctissi-

162 1423 313 1464 marum
345 1411 468 1486 atque
499 1404 888 1488 antiquissimarum
918 1405 1167 1488 religionum
1200 1427 1299 1469 ven-

163 1505 291 1567 ditum
325 1507 505 1588 pecunia
539 1506 690 1587 grandi
727 1507 908 1589 Brogitaro,
943 1509 1065 1590 impuro
1100 1509 1215 1572 bomini
1252 1517 1298 1571 at-

163 1628 224 1690 que
260 1607 390 1690 indigno
424 1608 479 1670 illa
518 1611 687 1692 religione,
728 1611 914 1691 praesertim
949 1631 1018 1672 cum
1054 1611 1111 1672 ea¹
1151 1610 1211 1674 sibi
1245 1611 1297 1674 ille

163 1733 226 1775 non
252 1711 388 1793 colendi,
417 1712 472 1774 sed
496 1713 635 1774 violandi
666 1734 763 1775 causa
796 1708 987 1796 adpetisset.'
1031 1713 1201 1776 Vendendi
1236 1714 1295 1797 igi-

162 1821 214 1876 tur
234 1815 449 1878 sacerdotium
468 1837 544 1879 usus
560 1838 579 1876 a
594 1817 871 1879 Pessinuntiorum
893 1817 1044 1878 institutis
1067 1815 1149 1878 hausl
1175 1817 1297 1880 alienus

162 1917 286 1981 ridetur
310 1917 416 1981 fuisse.
453 1920 561 2003 Atque
585 1919 671 2002 quod
694 1920 766 1981 huic
789 1919 926 2002 Magnae
950 1920 1055 1996 Matri,
1081 1921 1171 1982 cuius
1194 1921 1299 1983 cultus

166 2019 361 2082 Graecorum
385 2023 565 2084 civitatibus
588 2023 694 2086 nescio
711 2044 752 2084 an
772 2021 930 2085 vendendi
951 2022 1130 2085 sacerdotia
1150 2023 1297 2106 exemplo

162 2122 271 2200 fuerit,
305 2125 336 2186 in
361 2123 450 2211 ’ἱερῷ
479 2121 551 2199 Διὸς
584 2125 716 2204 Orlpr'ov,
747 2125 801 2186 ubi
833 2125 1000 2188 duodecim
1032 2126 1163 2188 deorum
1194 2148 1298 2189 sacer-

77 2303 80 2308 ·
164 2225 285 2289 dotium
310 2227 446 2290 veniisse
469 2229 596 2304 scimus,
627 2227 749 2290 illustre
780 2228 1004 2311 publicumque
1033 2229 1181 2312 templum
1206 2228 1298 2310 fuit2,

162 2329 192 2391 id
217 2330 304 2392 casui
327 2331 532 2393 tribuendum
557 2352 625 2394 csse
648 2352 741 2412 nego.
786 2331 837 2392 Ad
869 2331 1002 2394 eandem
1026 2332 1188 2416 Phrygiae
1215 2331 1298 2394 deae

163 2433 284 2495 cultum
314 2432 529 2516 Corybantum
565 2433 651 2517 apud
684 2433 881 2516 Erythraeos
915 2434 1092 2496 sacerdotia
1126 2434 1296 2516 spectanti.

165 2535 339 2598 Multorum
379 2536 514 2619 denique
551 2557 641 2599 sacra
679 2535 812 2598 deorum
850 2536 889 2597 ab
928 2536 1037 2598 alienis
1073 2537 1222 2618 gentibus
1260 2557 1298 2598 ac

163 2639 301 2701 maxime
333 2639 463 2723 quidem
487 2661 506 2701 a
528 2640 743 2702 Phoenicibus
766 2647 928 2702 mutuatos
958 2661 1027 2703 esse
1052 2639 1193 2702 Graecos
1227 2641 1298 2722 quis

165 2749 214 2804 est
241 2743 316 2824 quin
350 2742 466 2805 seiau?
520 2742 634 2825 Neque
663 2742 810 2826 Erythris
841 2743 907 2806 eius
938 2743 981 2804 rei
1012 2743 1147 2824 vestigia
1173 2742 1298 2806 desunt.

164 2843 247 2907 Nam
270 2846 419 2909 Herculis
442 2847 570 2929 quidem
594 2846 714 2908 cultum
744 2845 938 2929 Erythraeos
970 2846 1227 2908 aPhoenioibus
1251 2868 1299 2908 re·

165 2949 287 3030 cepisse
324 2949 482 3013 constat.5
541 2949 687 3033 Denique
732 2949 884 3033 imprimis
922 2950 984 3011 huc
1021 2949 1181 3031 pertinere
1221 2956 1299 3032 puto

165 3051 410 3114 Samothracum
440 3052 582 3131 deorum,
612 3053 666 3136 qui
689 3052 796 3115 Cabiri
818 3061 982 3140 vocantur,
1014 3058 1044 3115 et
1067 3051 1191 3114 Dianae
1222 3053 1300 3115 Per·

163 3175 266 3236 gaeae
291 3154 404 3235 cultus,
429 3176 566 3238 quorum
588 3156 723 3218 alterum
739 3156 939 3218 Phoenicum
963 3156 1154 3238 peculiarem
1176 3155 1300 3233 fuisset

88 3257 91 3262 ⁴
163 3258 299 3319 alterum
321 3257 428 3339 Perge
450 3280 490 3320 ox
507 3258 714 3343 Pamphyliae
737 3260 817 3321 urbe
834 3258 1092 3322 Halicarnassum
1110 3261 1299 3322 translatum

164 3380 234 3424 esse
258 3361 382 3422 scimus.
430 3359 489 3422 Cui
512 3361 634 3424 Dianae
657 3361 822 3443 Pergaeae
846 3383 918 3425 oum
934 3362 1139 3424 Pessinuntia
1162 3362 1216 3423 illa
1240 3361 1301 3424 dea

165 3468 229 3524 tam
253 3463 354 3525 multa
370 3466 550 3528 communia
565 3464 704 3546 fuerunt,
728 3471 763 3526 ut
778 3467 944 3547 utriusque
960 3466 1062 3528 cultus
1079 3486 1142 3527 non
1158 3463 1298 3526 dubitem

166 3565 241 3648 quin
264 3587 306 3628 ex
329 3569 422 3628 unius
445 3567 651 3650 eiusdemque
673 3569 778 3649 gentis
800 3568 1007 3649 religionibus
1032 3566 1225 3651 repetendus
1249 3568 1299 3628 sit.

267 3827 276 3861 ¹
308 3825 436 3876 Codicum
468 3825 585 3875 lectione
616 3823 667 3873 ‘ea'
698 3828 761 3888 apto
792 3822 962 3886 significatur
999 3823 1180 3873 sacerdotium
1215 3825 1300 3888 ipsum

165 3911 287 3960 omnibus
306 3917 333 3959 ot
353 3911 457 3960 iuribus
476 3915 503 3958 et
524 3909 622 3960 officiis
642 3909 862 3974 comprehensim
882 3907 958 3959 ‘eam'
977 3910 1099 3959 scribunt
1117 3909 1255 3959 Manutius
1274 3917 1301 3959 et

164 3995 313 4046 Lambinus

268 4098 332 4148 ²ol.
351 4097 462 4160 Mdllom
481 4100 511 4150 G.
533 4099 563 4150 C.
586 4099 649 4150 min.
668 4097 697 4148 Il
715 4116 741 4164 p.
760 4098 800 4150 57.

267 4200 277 4233 ³
296 4202 331 4252 ol.
352 4202 391 4251 tit.
412 4200 452 4252 IV
471 4219 496 4252 v.
515 4201 556 4253 95.
575 4201 617 4254 97.
638 4199 695 4254 105.

266 4304 332 4354 ⁴cl.
352 4303 490 4364 Dunoker‚
516 4303 614 4355 Gosch.
642 4302 667 4354 d.
694 4304 810 4354 Altortb.
837 4304 860 4353 V
887 4319 913 4368 p.
939 4302 973 4354 42
998 4319 1057 4370 sqq.
1080 4302 1138 4354 201.
1163 4303 1222 4355 349.
1242 4320 1301 4371 sqq.

268 4408 278 4441 ⁵
298 4405 331 4457 of.
353 4406 518 4470 hamprocht
538 4405 689 4471 „derebus
708 4405 923 4471 Erythraeorum
944 4403 1079 4470 publicis“
1100 4422 1124 4470 p.
1145 4405 1187 4457 56.

268 4511 278 4546 ⁶
297 4511 333 4563 cl.
354 4491 491 4572 Durrcker‚
510 4511 527 4559 l.
547 4526 570 4562 c.
590 4511 603 4561 I
622 4526 646 4574 p.
665 4508 724 4562 ⁶278.
