3180 5174
714 501 762 584 [5)
1282 509 1301 569 5

175 697 405 780 inscriptiones,
429 716 510 778 quae
534 695 677 778 quamvis
701 715 833 758 numero
851 697 985 776 exiguae
1010 697 1172 760 materiam
1197 703 1302 760 tamen

177 800 365 862 uberrimam
393 796 659 882 multifariamque
692 798 802 861 utilem
830 801 1000 883 praebent,
1029 821 1235 885 componere,
1260 823 1302 865 ex

176 902 372 987 cumpositis,
407 922 611 987 quaecunque
636 901 676 964 ad
700 903 947 967 sacerdotiorum
971 904 1183 968 venditionem
1206 904 1300 988 perti·

175 1013 266 1084 nent,
301 1005 458 1088 explicare
494 1011 525 1068 et
559 1004 712 1069 disserere
742 1007 818 1070 milri
841 1008 1000 1092 proposui.
1046 1008 1147 1081 Quam
1171 1007 1212 1070 ad
1236 1029 1303 1072 rem

176 1108 406 1194 suscipiendam
442 1108 562 1171 monuit
599 1130 649 1172 me
681 1111 852 1174 auctoritas
884 1111 1013 1174 Rudolfi
1046 1110 1212 1191 Schoellii,
1248 1111 1304 1194 qui

179 1234 240 1298 ope
263 1221 294 1278 et
318 1212 449 1276 consilio
466 1213 577 1276 studiis
593 1213 670 1276 meis
692 1213 915 1296 benignissimo
932 1235 1057 1298 semper
1071 1214 1208 1281 favebat.
1244 1214 1303 1277 Oui

176 1327 209 1383 et
242 1318 399 1382 Guilelmo
434 1315 675 1399 Studemundo,
712 1319 907 1402 praeceptori
938 1339 1008 1381 meo
1042 1320 1220 1398 carissimo,
1251 1319 1304 1402 qui

176 1424 249 1486 huic
272 1422 424 1506 opusculo
443 1430 474 1486 et
496 1407 689 1504 perficiendo
713 1426 744 1483 et
764 1423 969 1506 perpoliendo
988 1425 1158 1486 maximam
1174 1423 1304 1486 navavit

177 1547 316 1611 operam,
342 1546 403 1623 non
428 1545 553 1608 possum
578 1524 652 1608 quin
673 1526 792 1608 gratias
814 1547 905 1608 agam
930 1527 1116 1608 singulares.

278 1647 391 1724 Tituli,
415 1646 454 1710 de
479 1645 593 1730 quibus
616 1645 736 1728 agitur,
767 1645 939 1710 secundum
968 1647 1056 1712 locos
1079 1646 1224 1730 dispositi
1245 1646 1303 1711 hoc

179 1775 213 1816 se
237 1752 398 1836 excipiunt
422 1749 549 1815 ordine:

279 1873 305 1937 I.
345 1869 379 1954 a)
408 1872 455 1933 tit.
487 1891 585 1954 prope
618 1869 852 1934 Chalcedonam
884 1871 1047 1954 inventus,
1088 1892 1179 1955 quem
1211 1870 1303 1935 Ohal·

179 1975 343 2040 codonium
369 1995 481 2041 vocare
504 1973 578 2036 mihi
609 1974 710 2038 liceat.
746 2009 781 2018 -
818 1973 925 2038 Edidit
954 1973 1096 2057 Curtius,
1120 1975 1205 2039 Mon.
1229 1975 1301 2039 Ber.

178 2081 207 2144 d.
226 2080 312 2143 Berl.
336 2078 435 2142 Acad.
461 2080 542 2141 1811
566 2099 595 2161 p.
619 2080 691 2142 414.

284 2202 317 2283 b)
355 2204 403 2266 tit.
437 2203 583 2266 Athenas
627 2201 826 2284 deportatus,
866 2199 1042 2286 Ephesius,
1085 2209 1121 2265 ut
1159 2201 1304 2266 venditor

179 2307 353 2386 simulavit,
390 2326 502 2368 revera
539 2303 768 2369 Chalcedonius
814 2304 880 2386 (vel
915 2302 1114 2388 Byzantius).
1148 2340 1187 2350 -
1222 2305 1304 2372 Edd.

179 2408 391 2489 Kumanudis,
414 2407 522 2490 Ἀθην.
538 2406 604 2470 VII
619 2429 649 2491 p.
666 2410 727 2471 201
746 2430 776 2470 n.
799 2410 836 2488 23
859 2407 1072 2486 Latichet'fius,
1089 2407 1225 2473 Journal
1248 2410 1304 2476 des

179 2513 402 2578 Ministeriums
435 2509 486 2573 fiir
507 2509 802 2594 Volksauflrltirung
825 2509 917 2593 (duni
942 2509 1040 2594 1882)
1066 2532 1097 2595 p.
1121 2513 1199 2595 243,
1234 2535 1304 2580 curn

179 2616 405 2681 commentario
429 2615 563 2680 Russica
593 2616 701 2699 lingua
724 2616 899 2700 conscripto
913 2615 941 2696 ¹3
972 2615 1248 2702 Dittenbcrgerus,
1271 2620 1302 2686 S.

178 2721 206 2785 I.
226 2722 264 2785 G.
287 2740 316 2784 n.
341 2723 413 2784 369.

280 2842 324 2908 II.
348 2844 407 2923 tit,
431 2844 485 2927 qui
508 2848 614 2906 exstat
626 2841 795 2905 Bukaresti
817 2843 846 2905 in
864 2863 974 2907 musco
991 2843 1125 2909 hominis
1142 2844 1305 2909 cuiusdam

179 2947 311 3030 privati,
348 2948 398 3010 cui
435 2967 548 3010 nomon
585 2953 633 3009 est
670 2943 982 3028 Kogalnitschcano,
1021 2968 1117 3031 prope
1158 2947 1306 3013 Oallatim

179 3051 337 3114 inventus.
362 3089 401 3098 -
426 3050 519 3113 Brevi
543 3050 769 3113 commentario
793 3051 981 3114 instructum
1003 3073 1022 3114 a
1044 3050 1232 3136 Gompcrzio
1255 3050 1304 3117 ed.

180 3155 274 3237 Grcg.
308 3156 345 3217 G.
378 3153 558 3234 Totilescu,
592 3153 1129 3239 Archaeologisch-Epigraphisohe
1166 3154 1306 3217 Mitthei·

179 3258 297 3341 lungen
321 3280 377 3322 aus
401 3257 601 3322 Oesterreioh
624 3257 674 3320 VI
696 3255 814 3341 (1882)
837 3280 868 3342 p.
892 3260 910 3320 8
934 3280 980 3342 sq.

280 3379 341 3445 III.
352 3381 400 3444 tit.
414 3379 628 3444 Halicarnassi
640 3381 795 3444 inventus.
815 3415 851 3422 -
869 3379 950 3443 Edd.
969 3379 1163 3455 Boeckhius,
1190 3377 1305 3454 Illud.

179 3487 251 3550 lect.
273 3483 375 3548 Berol.
402 3490 480 3547 aest.
508 3485 597 3560 1830,
620 3483 653 3563 2)
671 3483 779 3548 hullet.
796 3483 872 3546 dell’
888 3484 964 3547 Inst.
982 3483 1069 3547 arch.
1091 3485 1170 3546 1830
1184 3505 1211 3566 p.
1234 3483 1307 3562 218,

181 3593 216 3668 3)
234 3588 269 3653 O.
285 3588 311 3652 I.
328 3588 367 3654 G.
383 3609 413 3652 n.
431 3589 524 3666 2656,
547 3588 583 3651 ol.
601 3588 719 3672 Opusc.
738 3587 786 3651 IV
801 3612 831 3673 p.
849 3591 905 3652 331
927 3610 1008 3673 sqq.;
1033 3588 1306 3670 Dittenbergerus,

181 3692 213 3756 8.
236 3692 263 3755 I.
286 3691 325 3755 G.
349 3712 380 3755 n.
405 3693 477 3754 311.

290 3793 350 3859 IV.
374 3795 422 3858 tit.
448 3793 592 3878 Erythris
615 3794 771 3858 inventus.
790 3831 824 3841 -
843 3793 924 3860 Edd.
941 3793 1087 3859 Eontrier
1112 3801 1143 3858 ct
1164 3793 1309 3877 Earinos,

182 3922 285 3979 Movo.
308 3921 356 3979 acl
378 3921 455 3998 111111.
479 3921 533 3998 τῆς
556 3917 587 3979 ἓν
604 3915 729 4003 Σμύρνῃ
753 3913 851 3998 rdoyy·
875 3923 986 3999 σχολῆς
1009 3916 1024 3979 Ι
1048 3914 1160 3996 (1815)
1178 3936 1207 3997 p.
1226 3915 1307 3995 1033

182 4021 335 4105 Rayetus,
367 4020 447 4084 Rev.
480 4018 565 4084 aroh.
596 4017 748 4082 XXXIII
777 4019 889 4102 (1811)
922 4042 952 4104 p.
985 4022 1043 4085 101
1071 4041 1154 4104 sqq.;
1183 4017 1308 4081 Dittcn·

183 4125 354 4208 hargerus,
377 4123 409 4188 S.
432 4122 457 4187 I.
482 4121 519 4186 d.
544 4122 587 4185 II.
610 4143 640 4187 n.
666 4125 737 4187 310.

285 4243 326 4309 V.
349 4244 382 4327 a)
406 4244 452 4308 tit.
477 4243 578 4308 Andri
608 4243 765 4308 ininsula
793 4245 951 4309 inventus.
981 4280 1021 4290 -
1055 4241 1136 4308 Edd.
1161 4241 1208 4306 Le
1230 4241 1308 4314 Bas·

181 4347 413 4432 Waddington,
434 4349 510 4412 Asic
533 4350 607 4413 min.
631 4370 662 4413 n.
689 4350 770 4412 1199
794 4369 824 4432 p.
849 4348 921 4416 408.

183 4491 386 4500 .-.----—-—

286 4562 293 4594 ¹
313 4559 394 4612 Hunc
413 4560 512 4610 librum
533 4574 587 4609 nou
607 4558 669 4611 ridi.
