<?xml version="1.0" encoding="UTF-8"?>
<!DOCTYPE html PUBLIC "-//W3C//DTD XHTML 1.0 Transitional//EN"
    "http://www.w3.org/TR/xhtml1/DTD/xhtml1-transitional.dtd">
<html xmlns="http://www.w3.org/1999/xhtml" xml:lang="en" lang="en">
 <head>
  <title>
</title>
<meta http-equiv="Content-Type" content="text/html;charset=utf-8" />
  <meta name='ocr-system' content='tesseract 3.04.00' />
  <meta name='ocr-capabilities' content='ocr_page ocr_carea ocr_par ocr_line ocrx_word'/>
</head>
<body>
  <div class='ocr_page' id='page_1' title='image "./desacerdotiiapu00herbgoog_0009.png"; bbox 0 0 3180 5174; ppageno 0'>
   <div class='ocr_carea' id='block_1_1' title="bbox 137 1460 1300 4366">
    <p class='ocr_par' dir='ltr' id='par_1_1' title="bbox 167 1460 1294 1860">
     <span class='ocr_line' id='line_1_1' title="bbox 270 1460 1294 1546; baseline 0.001 -20"><span class='ocrx_word' id='word_1_1' title='bbox 270 1463 460 1526; x_wconf 81' lang='lat' dir='ltr'>Graecorum</span> <span class='ocrx_word' id='word_1_2' title='bbox 485 1460 665 1525; x_wconf 75' lang='lat' dir='ltr'>sacerdotes</span> <span class='ocrx_word' id='word_1_3' title='bbox 688 1483 758 1524; x_wconf 89' lang='lat' dir='ltr'>cum</span> <span class='ocrx_word' id='word_1_4' title='bbox 789 1460 862 1525; x_wconf 89' lang='lat' dir='ltr'>inde</span> <span class='ocrx_word' id='word_1_5' title='bbox 896 1461 935 1524; x_wconf 89' lang='lat' dir='ltr'>ab</span> <span class='ocrx_word' id='word_1_6' title='bbox 959 1462 1182 1546; x_wconf 75' lang='lat' dir='ltr'><strong>antiquissimis</strong></span> <span class='ocrx_word' id='word_1_7' title='bbox 1215 1471 1294 1527; x_wconf 91' lang='lat' dir='ltr'>tem·</span> 
     </span>
     <span class='ocr_line' id='line_1_2' title="bbox 167 1565 1293 1654; baseline -0.003 -22"><span class='ocrx_word' id='word_1_8' title='bbox 167 1568 297 1654; x_wconf 90' lang='lat' dir='ltr'>poribus</span> <span class='ocrx_word' id='word_1_9' title='bbox 326 1573 382 1630; x_wconf 89' lang='lat' dir='ltr'>aut</span> <span class='ocrx_word' id='word_1_10' title='bbox 412 1587 452 1628; x_wconf 84' lang='lat' dir='ltr'>ex</span> <span class='ocrx_word' id='word_1_11' title='bbox 483 1567 576 1628; x_wconf 86' lang='lat' dir='ltr'>certis</span> <span class='ocrx_word' id='word_1_12' title='bbox 606 1566 753 1648; x_wconf 88' lang='lat' dir='ltr'>gentibus</span> <span class='ocrx_word' id='word_1_13' title='bbox 784 1570 839 1628; x_wconf 89' lang='lat' dir='ltr'>aut</span> <span class='ocrx_word' id='word_1_14' title='bbox 860 1565 1010 1650; x_wconf 86' lang='lat' dir='ltr'>suffragio</span> <span class='ocrx_word' id='word_1_15' title='bbox 1043 1573 1098 1630; x_wconf 89' lang='lat' dir='ltr'>aut</span> <span class='ocrx_word' id='word_1_16' title='bbox 1129 1567 1293 1631; x_wconf 90' lang='lat' dir='ltr'>sortitione</span> 
     </span>
     <span class='ocr_line' id='line_1_3' title="bbox 168 1667 1293 1754; baseline 0 -19"><span class='ocrx_word' id='word_1_17' title='bbox 168 1671 331 1736; x_wconf 85' lang='lat' dir='ltr'>constituti</span> <span class='ocrx_word' id='word_1_18' title='bbox 364 1673 437 1754; x_wconf 89' lang='lat' dir='ltr'>sint,</span> <span class='ocrx_word' id='word_1_19' title='bbox 472 1671 525 1752; x_wconf 94' lang='lat' dir='ltr'>qui</span> <span class='ocrx_word' id='word_1_20' title='bbox 556 1692 597 1733; x_wconf 86' lang='lat' dir='ltr'>ex</span> <span class='ocrx_word' id='word_1_21' title='bbox 622 1670 669 1732; x_wconf 89' lang='lat' dir='ltr'>his</span> <span class='ocrx_word' id='word_1_22' title='bbox 693 1667 873 1732; x_wconf 80' lang='lat' dir='ltr'>sacerdotes</span> <span class='ocrx_word' id='word_1_23' title='bbox 905 1668 1032 1734; x_wconf 88' lang='lat' dir='ltr'>creandi</span> <span class='ocrx_word' id='word_1_24' title='bbox 1062 1671 1164 1733; x_wconf 87' lang='lat' dir='ltr'>modis</span> <span class='ocrx_word' id='word_1_25' title='bbox 1188 1676 1293 1735; x_wconf 85' lang='lat' dir='ltr'>aetate</span> 
     </span>
     <span class='ocr_line' id='line_1_4' title="bbox 171 1771 834 1860; baseline -0.003 -22"><span class='ocrx_word' id='word_1_26' title='bbox 171 1778 290 1860; x_wconf 89' lang='lat' dir='ltr'>primus</span> <span class='ocrx_word' id='word_1_27' title='bbox 305 1771 411 1856; x_wconf 82' lang='lat' dir='ltr'>fuerit,</span> <span class='ocrx_word' id='word_1_28' title='bbox 436 1773 562 1838; x_wconf 86' lang='lat' dir='ltr'>difficile</span> <span class='ocrx_word' id='word_1_29' title='bbox 585 1780 632 1837; x_wconf 92' lang='lat' dir='ltr'>est</span> <span class='ocrx_word' id='word_1_30' title='bbox 655 1773 834 1838; x_wconf 89' lang='lat' dir='ltr'>diiudicatu.</span> 
     </span>
    </p>

    <p class='ocr_par' dir='ltr' id='par_1_2' title="bbox 168 1876 1300 3722">
     <span class='ocr_line' id='line_1_5' title="bbox 273 1876 1294 1964; baseline 0 -22"><span class='ocrx_word' id='word_1_31' title='bbox 273 1881 379 1964; x_wconf 85' lang='lat' dir='ltr'>Atque</span> <span class='ocrx_word' id='word_1_32' title='bbox 395 1880 553 1962; x_wconf 82' lang='lat' dir='ltr'>gentilicia</span> <span class='ocrx_word' id='word_1_33' title='bbox 578 1876 708 1963; x_wconf 92' lang='lat' dir='ltr'>quidem</span> <span class='ocrx_word' id='word_1_34' title='bbox 722 1877 901 1941; x_wconf 89' lang='lat' dir='ltr'>sacerdotia</span> <span class='ocrx_word' id='word_1_35' title='bbox 917 1879 978 1942; x_wconf 87' lang='lat' dir='ltr'>late</span> <span class='ocrx_word' id='word_1_36' title='bbox 997 1885 1175 1962; x_wconf 84' lang='lat' dir='ltr'>propagata</span> <span class='ocrx_word' id='word_1_37' title='bbox 1191 1898 1294 1962; x_wconf 91' lang='lat' dir='ltr'>neque</span> 
     </span>
     <span class='ocr_line' id='line_1_6' title="bbox 169 1981 1295 2068; baseline -0.003 -21"><span class='ocrx_word' id='word_1_38' title='bbox 169 2005 301 2048; x_wconf 91' lang='lat' dir='ltr'>numero</span> <span class='ocrx_word' id='word_1_39' title='bbox 337 1985 453 2068; x_wconf 80' lang='lat' dir='ltr'>exigna</span> <span class='ocrx_word' id='word_1_40' title='bbox 489 1982 586 2046; x_wconf 86' lang='lat' dir='ltr'>fuisse</span> <span class='ocrx_word' id='word_1_41' title='bbox 624 1988 757 2045; x_wconf 91' lang='lat' dir='ltr'>constat.</span> <span class='ocrx_word' id='word_1_42' title='bbox 813 1981 922 2045; x_wconf 87' lang='lat' dir='ltr'>Veluti</span> <span class='ocrx_word' id='word_1_43' title='bbox 961 1981 1045 2066; x_wconf 85' lang='lat' dir='ltr'>apud</span> <span class='ocrx_word' id='word_1_44' title='bbox 1082 1981 1295 2046; x_wconf 86' lang='lat' dir='ltr'>Athenienses</span> 
     </span>
     <span class='ocr_line' id='line_1_7' title="bbox 169 2084 1296 2172; baseline -0.004 -21"><span class='ocrx_word' id='word_1_45' title='bbox 169 2088 238 2172; x_wconf 93' lang='lat' dir='ltr'>quis</span> <span class='ocrx_word' id='word_1_46' title='bbox 262 2089 385 2170; x_wconf 88' lang='lat' dir='ltr'>estqui</span> <span class='ocrx_word' id='word_1_47' title='bbox 415 2089 542 2170; x_wconf 85' lang='lat' dir='ltr'>ignoret</span> <span class='ocrx_word' id='word_1_48' title='bbox 575 2086 826 2168; x_wconf 82' lang='lat' dir='ltr'>Centriadarum,</span> <span class='ocrx_word' id='word_1_49' title='bbox 859 2086 1121 2170; x_wconf 89' lang='lat' dir='ltr'>Hesychidarum,</span> <span class='ocrx_word' id='word_1_50' title='bbox 1152 2084 1296 2170; x_wconf 84' lang='lat' dir='ltr'>Phytali·</span> 
     </span>
     <span class='ocr_line' id='line_1_8' title="bbox 170 2189 1296 2274; baseline -0.001 -21"><span class='ocrx_word' id='word_1_51' title='bbox 170 2190 280 2254; x_wconf 90' lang='lat' dir='ltr'>darum</span> <span class='ocrx_word' id='word_1_52' title='bbox 303 2199 414 2273; x_wconf 85' lang='lat' dir='ltr'>gentes</span> <span class='ocrx_word' id='word_1_53' title='bbox 443 2191 492 2253; x_wconf 90' lang='lat' dir='ltr'>vel</span> <span class='ocrx_word' id='word_1_54' title='bbox 521 2189 688 2274; x_wconf 79' lang='lat' dir='ltr'>Oerycum,</span> <span class='ocrx_word' id='word_1_55' title='bbox 723 2190 776 2274; x_wconf 93' lang='lat' dir='ltr'>qui</span> <span class='ocrx_word' id='word_1_56' title='bbox 809 2189 1028 2272; x_wconf 83' lang='lat' dir='ltr'>hieroceryces</span> <span class='ocrx_word' id='word_1_57' title='bbox 1062 2195 1092 2251; x_wconf 88' lang='lat' dir='ltr'>et</span> <span class='ocrx_word' id='word_1_58' title='bbox 1126 2189 1296 2271; x_wconf 90' lang='lat' dir='ltr'>daduchos,</span> 
     </span>
     <span class='ocr_line' id='line_1_9' title="bbox 170 2292 1297 2378; baseline -0.002 -21"><span class='ocrx_word' id='word_1_59' title='bbox 170 2293 442 2378; x_wconf 80' lang='lat' dir='ltr'>Eumolpidarum,</span> <span class='ocrx_word' id='word_1_60' title='bbox 481 2295 534 2377; x_wconf 88' lang='lat' dir='ltr'>qui</span> <span class='ocrx_word' id='word_1_61' title='bbox 571 2295 806 2378; x_wconf 84' lang='lat' dir='ltr'>hierophantas,</span> <span class='ocrx_word' id='word_1_62' title='bbox 842 2292 1115 2356; x_wconf 82' lang='lat' dir='ltr'>Eteobutadarum</span> <span class='ocrx_word' id='word_1_63' title='bbox 1150 2292 1297 2377; x_wconf 89' lang='lat' dir='ltr'>denique,</span> 
     </span>
     <span class='ocr_line' id='line_1_10' title="bbox 170 2395 1297 2481; baseline 0.001 -23"><span class='ocrx_word' id='word_1_64' title='bbox 170 2398 222 2481; x_wconf 89' lang='lat' dir='ltr'>qui</span> <span class='ocrx_word' id='word_1_65' title='bbox 268 2398 428 2460; x_wconf 85' lang='lat' dir='ltr'>Minervae</span> <span class='ocrx_word' id='word_1_66' title='bbox 473 2397 613 2460; x_wconf 88' lang='lat' dir='ltr'>Poliadis</span> <span class='ocrx_word' id='word_1_67' title='bbox 658 2398 874 2481; x_wconf 87' lang='lat' dir='ltr'>praebuerunt</span> <span class='ocrx_word' id='word_1_68' title='bbox 897 2396 1120 2460; x_wconf 81' lang='lat' dir='ltr'>sacerdotes?</span> <span class='ocrx_word' id='word_1_69' title='bbox 1183 2395 1297 2480; x_wconf 88' lang='lat' dir='ltr'>Neque</span> 
     </span>
     <span class='ocr_line' id='line_1_11' title="bbox 171 2499 1297 2585; baseline 0 -23"><span class='ocrx_word' id='word_1_70' title='bbox 171 2502 275 2564; x_wconf 88' lang='lat' dir='ltr'>minus</span> <span class='ocrx_word' id='word_1_71' title='bbox 299 2502 449 2564; x_wconf 89' lang='lat' dir='ltr'>memoria</span> <span class='ocrx_word' id='word_1_72' title='bbox 479 2501 575 2583; x_wconf 88' lang='lat' dir='ltr'>digno</span> <span class='ocrx_word' id='word_1_73' title='bbox 598 2509 646 2564; x_wconf 88' lang='lat' dir='ltr'>est</span> <span class='ocrx_word' id='word_1_74' title='bbox 668 2501 897 2585; x_wconf 83' lang='lat' dir='ltr'>Cinyradarum</span> <span class='ocrx_word' id='word_1_75' title='bbox 920 2521 996 2582; x_wconf 88' lang='lat' dir='ltr'>gens</span> <span class='ocrx_word' id='word_1_76' title='bbox 1021 2499 1151 2585; x_wconf 79' lang='lat' dir='ltr'>Cypria,</span> <span class='ocrx_word' id='word_1_77' title='bbox 1175 2499 1297 2562; x_wconf 87' lang='lat' dir='ltr'>Milesia</span> 
     </span>
     <span class='ocr_line' id='line_1_12' title="bbox 173 2602 1297 2690; baseline 0.001 -24"><span class='ocrx_word' id='word_1_78' title='bbox 173 2602 434 2683; x_wconf 82' lang='lat' dir='ltr'>Branchidarum,</span> <span class='ocrx_word' id='word_1_79' title='bbox 468 2605 620 2689; x_wconf 89' lang='lat' dir='ltr'>equibus</span> <span class='ocrx_word' id='word_1_80' title='bbox 643 2606 799 2690; x_wconf 88' lang='lat' dir='ltr'>Apollinis</span> <span class='ocrx_word' id='word_1_81' title='bbox 834 2603 1013 2668; x_wconf 87' lang='lat' dir='ltr'>secerdotes</span> <span class='ocrx_word' id='word_1_82' title='bbox 1047 2604 1110 2688; x_wconf 86' lang='lat' dir='ltr'>legi</span> <span class='ocrx_word' id='word_1_83' title='bbox 1143 2604 1297 2667; x_wconf 88' lang='lat' dir='ltr'>solebant.</span> 
     </span>
     <span class='ocr_line' id='line_1_13' title="bbox 172 2707 1298 2792; baseline -0.002 -20"><span class='ocrx_word' id='word_1_84' title='bbox 172 2707 294 2781; x_wconf 82' lang='lat' dir='ltr'>Quibus</span> <span class='ocrx_word' id='word_1_85' title='bbox 317 2709 499 2772; x_wconf 85' lang='lat' dir='ltr'>sacerdotiis</span> <span class='ocrx_word' id='word_1_86' title='bbox 522 2709 715 2772; x_wconf 89' lang='lat' dir='ltr'>illustrandis</span> <span class='ocrx_word' id='word_1_87' title='bbox 740 2731 811 2772; x_wconf 91' lang='lat' dir='ltr'>cum</span> <span class='ocrx_word' id='word_1_88' title='bbox 834 2709 894 2785; x_wconf 89' lang='lat' dir='ltr'>alii,</span> <span class='ocrx_word' id='word_1_89' title='bbox 917 2709 969 2792; x_wconf 93' lang='lat' dir='ltr'>qui</span> <span class='ocrx_word' id='word_1_90' title='bbox 993 2715 1172 2791; x_wconf 85' lang='lat' dir='ltr'>supersunt,</span> <span class='ocrx_word' id='word_1_91' title='bbox 1195 2728 1298 2771; x_wconf 87' lang='lat' dir='ltr'>sacer-</span> 
     </span>
     <span class='ocr_line' id='line_1_14' title="bbox 170 2811 1298 2896; baseline -0.001 -22"><span class='ocrx_word' id='word_1_92' title='bbox 170 2812 278 2876; x_wconf 89' lang='lat' dir='ltr'>dotum</span> <span class='ocrx_word' id='word_1_93' title='bbox 301 2813 419 2876; x_wconf 92' lang='lat' dir='ltr'>indices</span> <span class='ocrx_word' id='word_1_94' title='bbox 442 2821 507 2876; x_wconf 89' lang='lat' dir='ltr'>tum</span> <span class='ocrx_word' id='word_1_95' title='bbox 532 2812 860 2878; x_wconf 85' lang='lat' dir='ltr'>Halicarnassensium</span> <span class='ocrx_word' id='word_1_96' title='bbox 883 2811 1022 2896; x_wconf 87' lang='lat' dir='ltr'>Neptuni</span> <span class='ocrx_word' id='word_1_97' title='bbox 1050 2811 1175 2876; x_wconf 91' lang='lat' dir='ltr'>Isthmii</span> <span class='ocrx_word' id='word_1_98' title='bbox 1197 2831 1298 2874; x_wconf 88' lang='lat' dir='ltr'>sacer·</span> 
     </span>
     <span class='ocr_line' id='line_1_15' title="bbox 171 2914 1297 2999; baseline -0.002 -19"><span class='ocrx_word' id='word_1_99' title='bbox 171 2917 280 2982; x_wconf 90' lang='lat' dir='ltr'>dotum</span> <span class='ocrx_word' id='word_1_100' title='bbox 303 2924 438 2982; x_wconf 88' lang='lat' dir='ltr'>stemma</span> <span class='ocrx_word' id='word_1_101' title='bbox 461 2918 592 2981; x_wconf 85' lang='lat' dir='ltr'>maximi</span> <span class='ocrx_word' id='word_1_102' title='bbox 614 2919 765 2981; x_wconf 85' lang='lat' dir='ltr'>momenti</span> <span class='ocrx_word' id='word_1_103' title='bbox 790 2926 846 2981; x_wconf 88' lang='lat' dir='ltr'>est.</span> <span class='ocrx_word' id='word_1_104' title='bbox 886 2915 955 2979; x_wconf 86' lang='lat' dir='ltr'>Nec</span> <span class='ocrx_word' id='word_1_105' title='bbox 977 2937 1052 2980; x_wconf 78' lang='lat' dir='ltr'>vero</span> <span class='ocrx_word' id='word_1_106' title='bbox 1076 2914 1297 2999; x_wconf 86' lang='lat' dir='ltr'>antiquissimis</span> 
     </span>
     <span class='ocr_line' id='line_1_16' title="bbox 172 3019 1299 3104; baseline -0.003 -20"><span class='ocrx_word' id='word_1_107' title='bbox 172 3029 295 3086; x_wconf 92' lang='lat' dir='ltr'>tantum</span> <span class='ocrx_word' id='word_1_108' title='bbox 331 3022 525 3104; x_wconf 84' lang='lat' dir='ltr'>temporibus</span> <span class='ocrx_word' id='word_1_109' title='bbox 562 3022 721 3103; x_wconf 85' lang='lat' dir='ltr'>gentilicia</span> <span class='ocrx_word' id='word_1_110' title='bbox 759 3021 929 3085; x_wconf 90' lang='lat' dir='ltr'>constituta</span> <span class='ocrx_word' id='word_1_111' title='bbox 964 3041 1034 3084; x_wconf 90' lang='lat' dir='ltr'>esse</span> <span class='ocrx_word' id='word_1_112' title='bbox 1069 3019 1248 3085; x_wconf 88' lang='lat' dir='ltr'>sacerdotia</span> <span class='ocrx_word' id='word_1_113' title='bbox 1281 3039 1299 3081; x_wconf 90' lang='lat' dir='ltr'>e</span> 
     </span>
     <span class='ocr_line' id='line_1_17' title="bbox 171 3123 1298 3209; baseline -0.001 -21"><span class='ocrx_word' id='word_1_114' title='bbox 171 3127 271 3190; x_wconf 89' lang='lat' dir='ltr'>titulis</span> <span class='ocrx_word' id='word_1_115' title='bbox 296 3125 484 3209; x_wconf 88' lang='lat' dir='ltr'>quibusdam</span> <span class='ocrx_word' id='word_1_116' title='bbox 506 3133 611 3189; x_wconf 91' lang='lat' dir='ltr'>aetate</span> <span class='ocrx_word' id='word_1_117' title='bbox 629 3126 852 3190; x_wconf 87' lang='lat' dir='ltr'>recentioribus</span> <span class='ocrx_word' id='word_1_118' title='bbox 870 3125 1035 3208; x_wconf 87' lang='lat' dir='ltr'>colligitur.</span> <span class='ocrx_word' id='word_1_119' title='bbox 1060 3123 1108 3188; x_wconf 80' lang='lat' dir='ltr'>ef.</span> <span class='ocrx_word' id='word_1_120' title='bbox 1125 3146 1152 3188; x_wconf 87' lang='lat' dir='ltr'>c.</span> <span class='ocrx_word' id='word_1_121' title='bbox 1169 3146 1199 3207; x_wconf 84' lang='lat' dir='ltr'>g.</span> <span class='ocrx_word' id='word_1_122' title='bbox 1216 3123 1298 3187; x_wconf 89' lang='lat' dir='ltr'>Rev.</span> 
     </span>
     <span class='ocr_line' id='line_1_18' title="bbox 171 3224 1300 3314; baseline -0.003 -24"><span class='ocrx_word' id='word_1_123' title='bbox 171 3230 255 3292; x_wconf 83' lang='lat' dir='ltr'>arch.</span> <span class='ocrx_word' id='word_1_124' title='bbox 290 3231 370 3292; x_wconf 87' lang='grc'>1845</span> <span class='ocrx_word' id='word_1_125' title='bbox 405 3251 436 3312; x_wconf 91' lang='lat' dir='ltr'>p.</span> <span class='ocrx_word' id='word_1_126' title='bbox 469 3231 530 3292; x_wconf 82' lang='lat'>209</span> <span class='ocrx_word' id='word_1_127' title='bbox 566 3227 765 3314; x_wconf 84' lang='lat' dir='ltr'>(Gythium):</span> <span class='ocrx_word' id='word_1_128' title='bbox 812 3229 861 3294; x_wconf 81' lang='grc' dir='ltr'>καὶ</span> <span class='ocrx_word' id='word_1_129' title='bbox 890 3224 965 3290; x_wconf 80' lang='grc' dir='ltr'><em>εἶναι</em></span> <span class='ocrx_word' id='word_1_130' title='bbox 995 3225 1105 3305; x_wconf 67' lang='grc' dir='ltr'><em>αὐτούς</em></span> <span class='ocrx_word' id='word_1_131' title='bbox 1132 3226 1221 3308; x_wconf 81' lang='grc' dir='ltr'><em>ἱερεῖς</em></span> <span class='ocrx_word' id='word_1_132' title='bbox 1245 3231 1300 3288; x_wconf 83' lang='grc' dir='ltr'>τοῦ</span> 
     </span>
     <span class='ocr_line' id='line_1_19' title="bbox 170 3327 1300 3414; baseline -0.004 -19"><span class='ocrx_word' id='word_1_133' title='bbox 170 3330 356 3409; x_wconf 79' lang='grc' dir='ltr'><em>Ἀπόλλωνος</em></span> <span class='ocrx_word' id='word_1_134' title='bbox 378 3334 426 3395; x_wconf 78' lang='grc' dir='ltr'>καὶ</span> <span class='ocrx_word' id='word_1_135' title='bbox 449 3330 589 3414; x_wconf 75' lang='grc' dir='ltr'>ἐγγόνους</span> <span class='ocrx_word' id='word_1_136' title='bbox 611 3331 714 3396; x_wconf 80' lang='grc' dir='ltr'><em>αὐτῶν</em></span> <span class='ocrx_word' id='word_1_137' title='bbox 744 3330 790 3394; x_wconf 74' lang='grc' dir='ltr'>ἀεὶ</span> <span class='ocrx_word' id='word_1_138' title='bbox 821 3328 869 3394; x_wconf 71' lang='lat' dir='ltr'>dccl</span> <span class='ocrx_word' id='word_1_139' title='bbox 899 3332 976 3413; x_wconf 78' lang='grc' dir='ltr'><em>βίον,</em></span> <span class='ocrx_word' id='word_1_140' title='bbox 1011 3333 1058 3394; x_wconf 79' lang='grc' dir='ltr'>καὶ</span> <span class='ocrx_word' id='word_1_141' title='bbox 1092 3327 1165 3394; x_wconf 68' lang='grc' dir='ltr'><em>εἶναι</em></span> <span class='ocrx_word' id='word_1_142' title='bbox 1197 3328 1300 3405; x_wconf 70' lang='grc' dir='ltr'><em>αὐτοῖς</em></span> 
     </span>
     <span class='ocr_line' id='line_1_20' title="bbox 168 3431 1299 3520; baseline -0.004 -22"><span class='ocrx_word' id='word_1_143' title='bbox 168 3432 205 3498; x_wconf 78' lang='grc' dir='ltr'>τὰ</span> <span class='ocrx_word' id='word_1_144' title='bbox 229 3437 312 3514; x_wconf 74' lang='grc' dir='ltr'><em>τίμιοι</em></span> <span class='ocrx_word' id='word_1_145' title='bbox 335 3437 382 3498; x_wconf 83' lang='grc' dir='ltr'>καὶ</span> <span class='ocrx_word' id='word_1_146' title='bbox 405 3434 608 3520; x_wconf 79' lang='grc' dir='ltr'><em>φιλάνθρωπα</em></span> <span class='ocrx_word' id='word_1_147' title='bbox 631 3435 728 3499; x_wconf 81' lang='grc' dir='ltr'><em>πάντα</em></span> <span class='ocrx_word' id='word_1_148' title='bbox 752 3433 809 3498; x_wconf 81' lang='grc' dir='ltr'>ὅσα</span> <span class='ocrx_word' id='word_1_149' title='bbox 832 3439 880 3498; x_wconf 84' lang='grc' dir='ltr'>καὶ</span> <span class='ocrx_word' id='word_1_150' title='bbox 901 3443 962 3510; x_wconf 84' lang='grc' dir='ltr'><em>τοῖς</em></span> <span class='ocrx_word' id='word_1_151' title='bbox 978 3431 1078 3510; x_wconf 76' lang='grc' dir='ltr'><em>ἄλλοις</em></span> <span class='ocrx_word' id='word_1_152' title='bbox 1094 3433 1223 3513; x_wconf 79' lang='grc' dir='ltr'><em>ἱερεῦσιν</em></span> <span class='ocrx_word' id='word_1_153' title='bbox 1237 3438 1299 3509; x_wconf 86' lang='grc' dir='ltr'><em>τοῖς</em></span> 
     </span>
     <span class='ocr_line' id='line_1_21' title="bbox 168 3535 1299 3623; baseline 0 -24"><span class='ocrx_word' id='word_1_154' title='bbox 168 3537 243 3602; x_wconf 73' lang='lat' dir='ltr'>nard</span> <span class='ocrx_word' id='word_1_155' title='bbox 271 3537 355 3620; x_wconf 80' lang='grc' dir='ltr'><em>γένος</em></span> <span class='ocrx_word' id='word_1_156' title='bbox 377 3539 518 3623; x_wconf 76' lang='grc' dir='ltr'>ὑπάρχει,</span> <span class='ocrx_word' id='word_1_157' title='bbox 545 3543 593 3603; x_wconf 80' lang='grc' dir='ltr'>καὶ</span> <span class='ocrx_word' id='word_1_158' title='bbox 616 3541 693 3622; x_wconf 81' lang='grc' dir='ltr'><em>ἔχειν</em></span> <span class='ocrx_word' id='word_1_159' title='bbox 716 3537 827 3615; x_wconf 66' lang='grc' dir='ltr'><em>αὐτούς</em></span> <span class='ocrx_word' id='word_1_160' title='bbox 850 3535 905 3602; x_wconf 78' lang='grc' dir='ltr'><em>τοῖν</em></span> <span class='ocrx_word' id='word_1_161' title='bbox 928 3537 1063 3613; x_wconf 58' lang='lat' dir='ltr'>{involuro</span> <span class='ocrx_word' id='word_1_162' title='bbox 1086 3540 1140 3601; x_wconf 82' lang='grc' dir='ltr'>τοῦ</span> <span class='ocrx_word' id='word_1_163' title='bbox 1162 3563 1194 3600; x_wconf 85' lang='grc' dir='ltr'>τε</span> <span class='ocrx_word' id='word_1_164' title='bbox 1217 3536 1299 3618; x_wconf 77' lang='grc' dir='ltr'><em>ἱεροῦ</em></span> 
     </span>
     <span class='ocr_line' id='line_1_22' title="bbox 169 3640 970 3722; baseline 0.004 -21"><span class='ocrx_word' id='word_1_165' title='bbox 169 3645 217 3704; x_wconf 85' lang='grc' dir='ltr'>καὶ</span> <span class='ocrx_word' id='word_1_166' title='bbox 240 3649 296 3703; x_wconf 77' lang='grc' dir='ltr'>τοῦ</span> <span class='ocrx_word' id='word_1_167' title='bbox 319 3645 395 3704; x_wconf 63' lang='grc' dir='ltr'>θοοῦ</span> <span class='ocrx_word' id='word_1_168' title='bbox 419 3647 466 3705; x_wconf 84' lang='grc' dir='ltr'>καὶ</span> <span class='ocrx_word' id='word_1_169' title='bbox 490 3647 553 3706; x_wconf 81' lang='grc' dir='ltr'>τοῖν</span> <span class='ocrx_word' id='word_1_170' title='bbox 575 3640 637 3704; x_wconf 75' lang='lat' dir='ltr'>dud</span> <span class='ocrx_word' id='word_1_171' title='bbox 661 3644 714 3704; x_wconf 80' lang='grc' dir='ltr'><em>τοῦ</em></span> <span class='ocrx_word' id='word_1_172' title='bbox 737 3641 819 3722; x_wconf 79' lang='grc' dir='ltr'><em>ἱεροῦ</em></span> <span class='ocrx_word' id='word_1_173' title='bbox 842 3640 970 3704; x_wconf 75' lang='grc' dir='ltr'><em>πάντων.</em></span> 
     </span>
    </p>

    <p class='ocr_par' dir='ltr' id='par_1_3' title="bbox 137 3762 1299 4366">
     <span class='ocr_line' id='line_1_23' title="bbox 270 3762 1298 3849; baseline 0 -26"><span class='ocrx_word' id='word_1_174' title='bbox 270 3762 394 3826; x_wconf 89' lang='lat' dir='ltr'>Deinde</span> <span class='ocrx_word' id='word_1_175' title='bbox 433 3763 585 3847; x_wconf 84' lang='lat' dir='ltr'>suffragio</span> <span class='ocrx_word' id='word_1_176' title='bbox 624 3763 807 3828; x_wconf 69' lang='lat' dir='ltr'>secerdotes</span> <span class='ocrx_word' id='word_1_177' title='bbox 845 3765 1019 3848; x_wconf 82' lang='lat' dir='ltr'>antiquitus</span> <span class='ocrx_word' id='word_1_178' title='bbox 1054 3765 1118 3849; x_wconf 86' lang='lat' dir='ltr'>legi</span> <span class='ocrx_word' id='word_1_179' title='bbox 1156 3762 1298 3845; x_wconf 90' lang='lat' dir='ltr'>potuisse</span> 
     </span>
     <span class='ocr_line' id='line_1_24' title="bbox 137 3861 1299 3952; baseline -0.002 -23"><span class='ocrx_word' id='word_1_180' title='bbox 137 3895 140 3902; x_wconf 54' lang='lat'><strong>⁴</strong></span> <span class='ocrx_word' id='word_1_181' title='bbox 170 3866 303 3929; x_wconf 91' lang='lat' dir='ltr'>Homeri</span> <span class='ocrx_word' id='word_1_182' title='bbox 343 3868 521 3931; x_wconf 88' lang='lat' dir='ltr'>testimonio</span> <span class='ocrx_word' id='word_1_183' title='bbox 553 3868 723 3952; x_wconf 84' lang='lat' dir='ltr'>probatur,</span> <span class='ocrx_word' id='word_1_184' title='bbox 762 3869 800 3933; x_wconf 87' lang='lat' dir='ltr'>cf.</span> <span class='ocrx_word' id='word_1_185' title='bbox 832 3867 923 3930; x_wconf 84' lang='lat' dir='ltr'>Iliad.</span> <span class='ocrx_word' id='word_1_186' title='bbox 956 3867 1005 3931; x_wconf 89' lang='lat' dir='ltr'>VI</span> <span class='ocrx_word' id='word_1_187' title='bbox 1037 3871 1115 3931; x_wconf 88' lang='lat'>300:</span> <span class='ocrx_word' id='word_1_188' title='bbox 1155 3864 1210 3948; x_wconf 73' lang='grc' dir='ltr'>τήν</span> <span class='ocrx_word' id='word_1_189' title='bbox 1241 3861 1299 3946; x_wconf 73' lang='grc' dir='ltr'>γάρ</span> 
     </span>
     <span class='ocr_line' id='line_1_25' title="bbox 174 3967 1299 4054; baseline 0 -23"><span class='ocrx_word' id='word_1_190' title='bbox 174 3973 279 4051; x_wconf 76' lang='grc' dir='ltr'><em>Τρῶες</em></span> <span class='ocrx_word' id='word_1_191' title='bbox 309 3972 425 4053; x_wconf 75' lang='grc' dir='ltr'><em>ἔθηκαν</em></span> <span class='ocrx_word' id='word_1_192' title='bbox 461 3969 630 4054; x_wconf 73' lang='grc' dir='ltr'>Ἀθηναίης</span> <span class='ocrx_word' id='word_1_193' title='bbox 666 3969 783 4054; x_wconf 71' lang='grc' dir='ltr'><em>ἱέρειαν.</em></span> <span class='ocrx_word' id='word_1_194' title='bbox 834 3972 928 4037; x_wconf 85' lang='lat' dir='ltr'>Adde</span> <span class='ocrx_word' id='word_1_195' title='bbox 961 3971 1148 4036; x_wconf 80' lang='lat' dir='ltr'>scholiastae</span> <span class='ocrx_word' id='word_1_196' title='bbox 1184 3967 1299 4033; x_wconf 76' lang='lat' dir='ltr'>codicis</span> 
     </span>
     <span class='ocr_line' id='line_1_26' title="bbox 169 4069 1298 4159; baseline -0.004 -21"><span class='ocrx_word' id='word_1_197' title='bbox 169 4075 284 4138; x_wconf 87' lang='lat' dir='ltr'>Veneti</span> <span class='ocrx_word' id='word_1_198' title='bbox 309 4074 459 4138; x_wconf 81' lang='lat' dir='ltr'>Marciani</span> <span class='ocrx_word' id='word_1_199' title='bbox 492 4078 554 4140; x_wconf 78' lang='lat'>453</span> <span class='ocrx_word' id='word_1_200' title='bbox 579 4076 838 4159; x_wconf 84' lang='lat' dir='ltr'>explicationem:</span> <span class='ocrx_word' id='word_1_201' title='bbox 871 4073 942 4139; x_wconf 76' lang='grc' dir='ltr'>οὔτε</span> <span class='ocrx_word' id='word_1_202' title='bbox 973 4072 1145 4159; x_wconf 78' lang='grc' dir='ltr'><em>κληρωτούς</em></span> <span class='ocrx_word' id='word_1_203' title='bbox 1172 4070 1243 4136; x_wconf 73' lang='grc' dir='ltr'>οὔτε</span> <span class='ocrx_word' id='word_1_204' title='bbox 1265 4069 1298 4135; x_wconf 68' lang='grc' dir='ltr'>ἐκ</span> 
     </span>
     <span class='ocr_line' id='line_1_27' title="bbox 167 4171 1299 4266; baseline -0.003 -26"><span class='ocrx_word' id='word_1_205' title='bbox 167 4175 270 4260; x_wconf 74' lang='grc' dir='ltr'><em>γένους</em></span> <span class='ocrx_word' id='word_1_206' title='bbox 299 4177 438 4258; x_wconf 81' lang='grc' dir='ltr'><em>βούλεται</em></span> <span class='ocrx_word' id='word_1_207' title='bbox 469 4176 538 4254; x_wconf 81' lang='grc' dir='ltr'>τούς</span> <span class='ocrx_word' id='word_1_208' title='bbox 570 4177 659 4258; x_wconf 67' lang='grc' dir='ltr'><em>ἱερεῖς</em></span> <span class='ocrx_word' id='word_1_209' title='bbox 692 4176 776 4255; x_wconf 63' lang='grc' dir='ltr'><em>εἶναι,</em></span> <span class='ocrx_word' id='word_1_210' title='bbox 811 4185 880 4242; x_wconf 78' lang='grc' dir='ltr'><em>οὔτε</em></span> <span class='ocrx_word' id='word_1_211' title='bbox 913 4178 1011 4266; x_wconf 77' lang='grc' dir='ltr'><em>ψήφῳ</em></span> <span class='ocrx_word' id='word_1_212' title='bbox 1045 4177 1116 4256; x_wconf 73' lang='grc' dir='ltr'><em>ἑνός,</em></span> <span class='ocrx_word' id='word_1_213' title='bbox 1150 4175 1216 4239; x_wconf 78' lang='grc' dir='ltr'><em>ἀλλ’</em></span> <span class='ocrx_word' id='word_1_214' title='bbox 1247 4171 1299 4250; x_wconf 79' lang='grc' dir='ltr'>οὓς</span> 
     </span>
     <span class='ocr_line' id='line_1_28' title="bbox 166 4278 1299 4366; baseline 0 -23"><span class='ocrx_word' id='word_1_215' title='bbox 166 4283 284 4364; x_wconf 69' lang='grc' dir='ltr'><em>πλῆθος</em></span> <span class='ocrx_word' id='word_1_216' title='bbox 309 4279 517 4364; x_wconf 71' lang='grc' dir='ltr'><em>ψηφιζόμενον</em></span> <span class='ocrx_word' id='word_1_217' title='bbox 539 4282 645 4346; x_wconf 76' lang='grc' dir='ltr'><em>ἕλοιτο.</em></span> <span class='ocrx_word' id='word_1_218' title='bbox 691 4281 788 4347; x_wconf 83' lang='lat' dir='ltr'>Ouius</span> <span class='ocrx_word' id='word_1_219' title='bbox 818 4284 946 4366; x_wconf 66' lang='lat' dir='ltr'>generis</span> <span class='ocrx_word' id='word_1_220' title='bbox 975 4282 1153 4348; x_wconf 81' lang='lat' dir='ltr'>sacerdotia</span> <span class='ocrx_word' id='word_1_221' title='bbox 1186 4286 1218 4344; x_wconf 82' lang='lat' dir='ltr'>et</span> <span class='ocrx_word' id='word_1_222' title='bbox 1249 4278 1299 4366; x_wconf 64' lang='lat' dir='ltr'>inl</span> 
     </span>
    </p>
   </div>
   <div class='ocr_carea' id='block_1_2' title="bbox 167 4472 1296 4640">
    <p class='ocr_par' dir='ltr' id='par_1_4' title="bbox 167 4472 1296 4640">
     <span class='ocr_line' id='line_1_29' title="bbox 271 4472 1296 4545; baseline 0.007 -21"><span class='ocrx_word' id='word_1_223' title='bbox 271 4475 281 4507; x_wconf 87' lang='lat'><strong>¹</strong></span> <span class='ocrx_word' id='word_1_224' title='bbox 301 4473 335 4525; x_wconf 83' lang='lat' dir='ltr'>ol.</span> <span class='ocrx_word' id='word_1_225' title='bbox 354 4472 382 4524; x_wconf 83' lang='grc' dir='ltr'>Ο.</span> <span class='ocrx_word' id='word_1_226' title='bbox 401 4473 423 4525; x_wconf 91' lang='lat' dir='ltr'>I.</span> <span class='ocrx_word' id='word_1_227' title='bbox 442 4473 473 4524; x_wconf 80' lang='lat' dir='ltr'>G.</span> <span class='ocrx_word' id='word_1_228' title='bbox 493 4492 519 4525; x_wconf 90' lang='lat' dir='ltr'>n.</span> <span class='ocrx_word' id='word_1_229' title='bbox 537 4472 606 4527; x_wconf 68' lang='lat'>2270</span> <span class='ocrx_word' id='word_1_230' title='bbox 623 4492 648 4526; x_wconf 74' lang='lat' dir='ltr'>v.</span> <span class='ocrx_word' id='word_1_231' title='bbox 668 4473 715 4528; x_wconf 84' lang='lat'>18:</span> <span class='ocrx_word' id='word_1_232' title='bbox 734 4477 840 4543; x_wconf 75' lang='grc' dir='ltr'>αἱρεθεὶς</span> <span class='ocrx_word' id='word_1_233' title='bbox 857 4474 909 4529; x_wconf 75' lang='lat' dir='ltr'>aiud</span> <span class='ocrx_word' id='word_1_234' title='bbox 927 4483 977 4530; x_wconf 74' lang='grc' dir='ltr'>τοῦ</span> <span class='ocrx_word' id='word_1_235' title='bbox 996 4475 1083 4545; x_wconf 66' lang='grc' dir='ltr'><em>δήμου.</em></span> <span class='ocrx_word' id='word_1_236' title='bbox 1111 4493 1136 4529; x_wconf 85' lang='lat' dir='ltr'>n.</span> <span class='ocrx_word' id='word_1_237' title='bbox 1153 4475 1203 4530; x_wconf 82' lang='grc'>434</span> <span class='ocrx_word' id='word_1_238' title='bbox 1222 4490 1247 4524; x_wconf 77' lang='lat' dir='ltr'>V·</span> <span class='ocrx_word' id='word_1_239' title='bbox 1265 4472 1296 4526; x_wconf 81' lang='lat'>3:</span> 
     </span>
     <span class='ocr_line' id='line_1_30' title="bbox 167 4557 795 4640; baseline 0.01 -31"><span class='ocrx_word' id='word_1_240' title='bbox 167 4557 226 4610; x_wconf 73' lang='grc' dir='ltr'>εὖτέ</span> <span class='ocrx_word' id='word_1_241' title='bbox 240 4581 272 4632; x_wconf 73' lang='lat' dir='ltr'>,ua</span> <span class='ocrx_word' id='word_1_242' title='bbox 290 4561 449 4630; x_wconf 74' lang='grc' dir='ltr'><em>Κεπροπίδαι</em></span> <span class='ocrx_word' id='word_1_243' title='bbox 470 4567 535 4630; x_wconf 78' lang='grc' dir='ltr'><em>Δροῑ</em></span> <span class='ocrx_word' id='word_1_244' title='bbox 552 4569 630 4614; x_wconf 73' lang='grc' dir='ltr'><em>θέσαν</em></span> <span class='ocrx_word' id='word_1_245' title='bbox 648 4560 795 4640; x_wconf 76' lang='grc' dir='ltr'><em>ἶερόφαντιν.</em></span> 
     </span>
    </p>
   </div>
   <div class='ocr_carea' id='block_1_3' title="bbox 1196 4648 1230 4706">
    <p class='ocr_par' dir='ltr' id='par_1_5' title="bbox 1196 4648 1230 4706">
     <span class='ocr_line' id='line_1_31' title="bbox 1196 4648 1230 4706; baseline 0 -19"><span class='ocrx_word' id='word_1_246' title='bbox 1196 4648 1230 4706; x_wconf 70' lang='grc'>1*</span> 
     </span>
    </p>
   </div>
   <div class='ocr_carea' id='block_1_4' title="bbox 0 0 1598 5174">
    <p class='ocr_par' dir='ltr' id='par_1_6' title="bbox 0 0 1598 5174">
     <span class='ocr_line' id='line_1_32' title="bbox 0 0 1598 5174; baseline 0 0"><span class='ocrx_word' id='word_1_247' title='bbox 0 0 1598 5174; x_wconf 95' lang='lat' dir='ltr'> </span> 
     </span>
    </p>
   </div>
  </div>
 </body>
</html>
