3180 5174
304 453 323 513 a
597 555 600 562 ¹
847 451 891 534 m

304 648 472 724 testantur,
496 641 633 706 dubitari
648 664 711 707 non
734 649 849 726 potest.
890 643 991 717 Quem
1008 645 1145 728 titulum,
1169 668 1241 710 cum
1258 653 1340 711 totus
1364 648 1431 713 lere

303 745 439 812 dialecto
462 746 577 812 Dorica
601 749 792 830 conscriptus
815 748 856 811 sit
874 754 906 812 et
929 756 1067 812 exeunte
1089 749 1217 834 quidem
1232 752 1332 835 primo
1356 757 1430 816 ante

304 849 464 914 Christum
486 853 612 917 saeculo
634 851 711 914 illud
733 847 820 931 Ἱερὸν
844 850 915 927 Διὸς
938 850 1051 932 Οὐρίου
1065 851 1313 918 Chalcedonium
1335 854 1431 919 luisse

303 953 419 1020 Strabo
433 954 497 1017 VII
512 977 542 1039 p.
559 958 620 1018 319
637 962 752 1033 narret,
768 953 1015 1039 Dittenbergero
1033 963 1163 1020 auctore
1181 956 1429 1022 Chalcedonium

303 1078 418 1123 vocare
441 1079 505 1122 non
528 1078 652 1122 vereor.
1412 1079 1417 1086 ·

404 1161 495 1226 Idem
512 1161 774 1246 Dittenhergerus
791 1162 986 1245 titulumIb‚
1004 1184 1074 1226 cum
1092 1185 1132 1227 ex
1149 1163 1270 1228 oriente
1285 1164 1429 1228 Athenas

300 1264 473 1328 translatus
488 1265 537 1344 sit,
559 1265 661 1350 ipsum
679 1286 806 1350 quoque
824 1265 1074 1330 Chalcedonium
1090 1288 1159 1330 esse
1175 1274 1301 1353 praeter
1317 1268 1430 1332 dialec-

301 1375 367 1432 tum
391 1368 559 1431 Doricam¹
582 1370 734 1452 imprimis
757 1370 860 1433 verbis
883 1368 1079 1452 teporata,
1103 1391 1184 1453 quae
1201 1391 1262 1435 vox
1279 1373 1310 1434 in
1327 1373 1428 1438 altero

302 1473 394 1537 titulo
419 1471 632 1537 Chalcedonio
657 1471 732 1558 (Ia)
756 1474 846 1552 redit,
870 1480 1203 1555 emmeramensis,
1227 1476 1316 1540 ouius
1335 1497 1429 1540 voca·

302 1575 366 1640 buli
390 1582 422 1639 et
443 1576 530 1640 notio
555 1585 588 1640 et
610 1577 763 1662 scriptura
787 1577 810 1658 (ι
834 1598 890 1662 pro
914 1577 946 1659 v)
968 1579 1096 1662 propria
1124 1584 1172 1642 est
1194 1579 1429 1664 Megarensium

302 1699 475 1762 eorumque
509 1679 735 1762 coloniarum&
773 1690 804 1743 et
841 1680 1021 1763 Megarensi
1055 1702 1163 1746 mense
1200 1681 1430 1761 ΔιονύσιοςΒ

301 1804 377 1846 usus
400 1784 638 1848 demonstravit.
685 1783 743 1848 Cui
768 1784 905 1867 opinioni
929 1784 1071 1867 quamvis
1103 1787 1259 1866 sagaciter
1286 1788 1429 1871 prolatae

300 1887 362 1950 hcc
392 1907 492 1950 unum
522 1889 741 1972 apposuerim,
774 1887 899 1951 titulum
932 1887 972 1952 de
1004 1908 1067 1971 quo
1100 1888 1205 1970 agitur
1236 1889 1284 1952 Ib
1315 1889 1428 1954 eodem

299 1991 368 2053 iure
393 1990 557 2076 Byzantio,
588 2011 670 2075 quae
693 1991 762 2075 ipsa
794 2011 918 2074 quoque
940 1990 1175 2074 Megarensium
1206 1992 1329 2056 colonia
1359 1993 1428 2073 fuit,

299 2093 451 2158 vindicari
473 2116 574 2179 posse,
598 2116 670 2158 cum
693 2096 879 2178 praesertim
909 2093 984 2157 illud
1011 2091 1103 2174 Ἰερόν
1125 2091 1198 2170 Διός
1223 2093 1336 2176 Οὐρίου
1363 2095 1428 2160 lere

302 2219 426 2283 semper
447 2197 593 2283 Byzantii
616 2198 841 2262 obtinuerint.⁴
866 2196 869 2201 ’

404 2302 441 2365 In
472 2303 611 2387 reliquos
643 2301 777 2384 denique
808 2301 918 2366 titulos
951 2308 1077 2385 praeter
1108 2302 1212 2383 illum,
1245 2302 1299 2385 qui
1330 2321 1427 2386 prope

305 2405 450 2470 Callatim
473 2408 621 2471 inventus
646 2399 702 2486 est,
735 2406 795 2468 hoo
826 2406 897 2469 loco
929 2406 1107 2469 accuratius
1138 2406 1333 2490 inquiramus
1364 2425 1428 2468 non

304 2516 439 2593 oportet.
485 2509 598 2595 Neque
628 2512 711 2574 enim
735 2509 944 2574 Callatianum
975 2530 1046 2573 eum
1076 2530 1155 2588 esse,
1186 2530 1256 2572 eum
1289 2507 1427 2589 Callatis,

302 2615 376 2678 licet
397 2637 417 2679 a
435 2615 563 2679 Milesiis
586 2615 721 2699 primum
745 2614 871 2679 condita
895 2615 944 2696 sit,
968 2614 1145 2680 Heracleae
1161 2613 1311 2678 Ponticae
1334 2611 1429 2675 luerit

303 2719 442 2799 colonie,
474 2720 541 2804 quis
570 2726 617 2784 est
647 2721 700 2805 qui
731 2741 848 2804 negare
871 2719 1008 2784 audeat?
1054 2719 1102 2782 Ac
1132 2719 1273 2782 maxime
1303 2715 1429 2800 quidem

302 2824 418 2887 mensis
442 2823 562 2888 lorma⁵
595 2824 626 2887 in
647 2822 725 2887 εών
758 2829 913 2906 exeunte,
947 2844 1029 2908 quae
1061 2822 1177 2886 Ionum
1211 2821 1337 2905 propria
1371 2825 1428 2900 est,

302 2926 411 2991 Ionica
434 2927 517 2991 tituli
541 2927 628 3010 origo
652 2930 812 3011 probatur.
833 2947 837 2958 ¹
857 2926 970 3012 Neque
993 2927 1091 3011 igitur
1113 2925 1180 2990 veri
1203 2923 1351 2990 dissimile
1383 2927 1430 2986 est

302 3029 409 3095 Tomis
433 3052 471 3095 ex
495 3032 575 3096 urbe
598 3032 683 3095 hunc
704 3033 830 3097 titulum
854 3053 921 3096 esse
949 3030 1126 3096 oriundum.

831 3222 902 3304 ss.

440 3359 480 3412 IN
498 3358 591 3419 QUAS
611 3359 761 3413 CLASSES
780 3360 904 3413 ulrum
924 3359 1184 3412 nlspnuulnnnr
1203 3359 1293 3411 SINT.

406 3479 620 3546 Halicarnassi
657 3484 793 3567 primum
832 3482 959 3568 quidem
997 3482 1115 3545 cultum
1159 3480 1427 3563 caerimoniasque

303 3584 427 3649 Dianae
442 3585 616 3669 Pergaeee,
640 3607 710 3650 oum
734 3587 896 3652 decretum
921 3586 983 3668 (til.
1000 3584 1068 3669 III)
1092 3586 1192 3666 fieret,
1216 3591 1344 3670 recepta
1360 3606 1429 3649 esse

302 3690 354 3753 vel
377 3688 451 3753 inde
482 3694 579 3774 patet,
614 3689 699 3774 quod
730 3691 791 3776 ipsi
822 3689 981 3756 sacerdoti
1013 3689 1165 3774 templum
1198 3688 1341 3768 condere,
1377 3687 1431 3750 ubi

302 3793 437 3872 libuerit,
461 3793 687 3879 permittitur.6

405 3954 414 3986 ¹
434 3951 469 4002 ol.
487 3956 557 4016 alliu,
576 3949 683 4014 ὁπειοῦν,
701 3947 809 4022 τέτορες,
828 3955 909 4017 desua,
926 3957 1045 4019 φοιτήτω,
1063 3952 1244 4018 insequerer,
1263 3953 1322 4019 lapi.

405 4037 470 4090 ²of.
489 4037 517 4090 C.
537 4038 558 4090 I.
578 4039 609 4091 C.
628 4055 655 4090 n.
673 4038 748 4092 3794.
784 4039 908 4091 Ditteub.
928 4039 955 4090 S.
973 4039 994 4090 Ι.
1014 4038 1045 4089 G.
1066 4056 1091 4090 n.
1109 4037 1169 4098 218.
1190 4040 1211 4091 l.
1241 4038 1340 4090 Roehl.
1359 4038 1380 4088 Ι.
1397 4036 1429 4088 G.

304 4123 335 4176 Δ.
353 4141 379 4175 n.
397 4123 457 4177 514.

407 4208 469 4261 8ol.
488 4209 518 4262 C.
537 4211 557 4264 I.
578 4211 609 4263 G.
629 4227 655 4264 n.
672 4209 749 4264 3794.
786 4212 907 4263 Dittenb.
928 4212 954 4263 S.
973 4212 993 4263 1.
1014 4212 1045 4264 d.
1065 4227 1091 4263 n.
1110 4209 1169 4277 252,
1188 4210 1229 4264 54.

404 4295 416 4330 ⁴
433 4297 493 4348 Huc
513 4298 627 4361 accedit,
647 4299 719 4376 quod
737 4299 824 4364 ipsum
843 4313 963 4350 mensem
976 4297 1135 4364 Dionysium
1154 4315 1208 4350 non
1225 4297 1311 4350 minus
1326 4298 1431 4364 Byzan·

303 4380 368 4432 tium
388 4381 471 4440 luisse
490 4387 605 4436 constat.
641 4384 682 4437 Cf.
702 4385 823 4436 Dittenb.
842 4385 868 4436 S.
888 4385 909 4436 1.
929 4383 960 4436 C.
980 4402 1006 4436 n.
1024 4383 1107 4438 36912.

405 4470 415 4504 ³
433 4469 467 4522 ol.
487 4470 527 4522 tit.
546 4471 575 4523 Π
593 4486 617 4522 v.
636 4472 665 4522 4:
701 4469 909 4539 Ἀπατουρεῶνος.

404 4556 415 4592 ⁶
433 4556 468 4610 of·
488 4575 513 4611 v.
526 4555 560 4610 28
578 4573 617 4627 sq.
635 4559 817 4610 κατασκευᾶται
835 4558 863 4609 δὲ
881 4554 895 4624 'l
913 4559 988 4625 ἱέρεια
1006 4562 1047 4609 καὶ
1066 4553 1097 4609 ad
1115 4559 1188 4628 ἱερόν,
1207 4556 1238 4612 od
1255 4558 1287 4610 civ
1303 4562 1430 4625 βούληται.
