3180 5174
692 468 762 552 [aa]
1256 465 1297 527 25

162 667 226 743 fiat,
250 673 286 728 ut
310 663 396 746 apud
420 661 651 724 Chalcedonius
683 659 816 741 emptori
848 657 912 720 duo
946 657 1113 737 vectigalia
1145 655 1298 718 solvenda

160 768 303 832 fuerint¹.
350 766 472 838 Quibus
499 762 707 844 vectigalibus
736 760 968 844 comprehensis
992 758 1173 840 Aesculapii
1193 779 1298 820 sacer-

163 871 242 934 dotii
266 871 403 953 pretium
428 868 565 951 quinque
597 866 717 926 milium
741 862 1056 946 duodequadraginta
1080 861 1299 924 drachmarum

165 981 197 1038 et
221 979 372 1056 quattuor
397 971 565 1032 obolorum
589 969 688 1031 luisse
710 967 796 1030 idem
818 967 927 1028 titulus
951 964 1053 1028 dccet.
1313 965 1314 968 ’

267 1074 335 1137 Nec
358 1075 461 1136 minus
484 1093 606 1134 sumnia
641 1071 694 1132 illa
718 1071 844 1151 ιχρυσῶν
876 1067 969 1144 ἑπτά,
997 1073 1121 1149 χαλκῶν
1151 1061 1299 1146 ἓξήκσντω’

165 1179 228 1258 (tit.
245 1179 280 1240 II
302 1198 329 1238 r.
349 1181 383 1240 16
397 1175 468 1258 sq).
493 1195 586 1258 quam
601 1175 750 1236 Timacus
768 1194 824 1256 pro
843 1171 1019 1235 sacerdotio
1038 1170 1172 1232 deorum
1188 1169 1298 1231 Sarno·

165 1281 309 1343 thracum
326 1279 477 1356 solvebat,
500 1279 569 1361 ipsa
585 1296 711 1360 quoque
728 1283 758 1336 et
778 1276 914 1358 pretium
933 1280 964 1336 et
981 1273 1130 1355 eponium
1144 1270 1299 1332 contineri

164 1385 306 1465 colligas.
342 1381 492 1465 Denique
504 1381 627 1443 Dianae
639 1379 803 1460 Pergaeae
821 1377 1032 1440 sacerdotium
1043 1375 1153 1459 quanti
1168 1374 1299 1447 steterit,

165 1509 182 1550 e
205 1487 297 1550 titulo
322 1485 374 1548 ΠΙ
396 1506 459 1546 non
483 1485 546 1545 iarn
570 1482 636 1545 erui
659 1488 777 1566 potest.

698 1830 714 1910 q
737 1832 767 1892 4.

578 2020 626 2070 DE
645 2017 888 2069 EMPTORIBUS.

269 2177 336 2239 Iam
354 2198 428 2240 vero
447 2175 550 2257 detis,
568 2176 619 2260 qui
635 2174 813 2238 sacerdotia
831 2181 987 2256 emerunt,
1003 2173 1105 2236 fusius
1119 2171 1299 2256 disputabo.

166 2281 214 2342 Ac
244 2281 379 2364 primum
411 2280 538 2363 quidem
579 2277 795 2362 quaerendum
835 2286 891 2350 est,
931 2299 1007 2340 num
1045 2283 1204 2359 emptores
1241 2277 1301 2359 ipsi

167 2383 353 2446 sacerdotiis
399 2403 546 2465 pracesse
590 2382 765 2444 debuerint.
825 2378 1058 2442 Chalcedonius
1101 2379 1210 2442 titulus
1255 2380 1300 2442 lb

167 2488 327 2568 expressis
351 2487 455 2549 verbis
487 2485 704 2549 condicionem
730 2484 859 2546 exhibet
890 2481 1001 2546 hanc2:
1042 2478 1183 2544 ὠνείσθω
1214 2481 1245 2544 δὲ
1269 2479 1302 2556 ὅς

69 2621 72 2628 ·
166 2615 203 2652 κα
225 2585 246 2675 ᾖ
270 2586 430 2669 ὁλόκλαρος
452 2591 501 2651 καὶ
525 2583 548 2675 qi
574 2587 783 2668 ὁωμσσισργίας
802 2585 935 2666 μέττστι·
959 2586 1068 2660 ἐξέστω
1089 2585 1123 2648 δὲ
1145 2587 1194 2647 καὶ
1217 2587 1300 2648 nardi

169 2691 328 2768 ὠνεῖσθαι,
352 2689 434 2778 ἄλλω
459 2691 490 2754 δὲ
512 2695 628 2774 μηθενὶ
652 2689 760 2764 ἐξέστω
777 2688 835 2753 τοῖν
851 2688 1004 2769 ἱερωτωάν
1022 2685 1040 2770 ἢ
1056 2687 1164 2774 ἑαυτῷ.
1206 2686 1230 2745 V
1236 2738 1243 2751 .
1262 2691 1298 2750 ll

165 2793 432 2875 Dittcnbcrgerus
462 2802 549 2858 recte
578 2794 703 2878 quidem
727 2793 812 2856 nardi
841 2793 1012 2876 supplerit,
1044 2793 1099 2856 sed
1133 2792 1194 2853 hoc
1217 2792 1304 2853 nardi

168 2897 310 2959 dativum
328 2919 398 2959 esse
416 2898 585 2976 commodi,
600 2897 655 2980 qui
668 2903 808 2975 uocatur,
826 2918 888 2958 non
902 2896 941 2957 ab
955 2892 1066 2969 ἐξέστω
1079 2896 1218 2980 pendere
1232 2915 1301 2977 per·

167 3021 275 3082 peram
293 2998 472 3063 adnotavit:
496 3003 579 3083 patri
595 3002 689 3064 licere
703 2999 914 3062 sacerdotium
928 2999 992 3062 filiu
1007 3021 1119 3074 emere,
1133 3008 1301 3082 practerea

168 3122 243 3165 vero
261 3103 375 3164 nemini
393 3103 540 3185 permitti,
558 3112 594 3166 ut
610 3103 699 3165 alteri
716 3109 800 3165 emat
815 3103 1028 3166 sacerdotium
1046 3123 1139 3185 quam
1157 3103 1300 3185 sibiipsi.

166 3204 268 3266 lmmo
294 3203 469 3267 secundum
497 3207 731 3268 sententiarum
762 3203 1022 3289 compositionem
1047 3206 1130 3267 παιδί
1155 3212 1187 3268 et
1219 3203 1300 3292 ἄλλω

167 3308 201 3370 δὲ
239 3308 357 3388 μηθενί
387 3309 445 3370 sibi
478 3309 692 3391 respondent,
741 3330 872 3392 quorum
907 3319 1077 3393 utrumque
1117 3310 1158 3372 ab
1193 3307 1302 3383 ἐξέστω

165 3409 309 3494 pendere
333 3431 461 3474 necesse
493 3418 557 3488 est;
589 3411 738 3494 quoniam
769 3411 800 3474 in
830 3411 933 3474 verbis
964 3410 1073 3484 ἐξέστω
1103 3411 1137 3473 δὲ
1166 3414 1216 3473 καὶ
1239 3418 1300 3473 κτλ.

167 3513 365 3596 exceptionis
389 3513 455 3575 vim
481 3514 584 3576 inesse
614 3515 725 3596 negari
755 3515 873 3598 nequit.
918 3515 1025 3597 Atque
1055 3515 1120 3576 veri
1151 3512 1303 3577 dissimile

168 3622 215 3677 est
238 3616 336 3678 rerba
360 3615 413 3678 illa
446 3616 515 3679 roci
538 3616 632 3697 πατρί
653 3618 798 3700 opposita
822 3637 907 3696 esse,
940 3637 1020 3700 quae
1052 3618 1084 3678 in
1108 3617 1200 3680 titulo
1230 3618 1300 3701 ipso

168 3718 267 3781 deest.
312 3718 426 3801 Itaque
458 3727 548 3803 patre
590 3730 715 3783 mortuo
756 3720 819 3782 filio
843 3719 985 3781 nondum
1025 3720 1073 3783 sui
1112 3721 1188 3782 iuris
1216 3720 1300 3784 facto

168 3823 214 3882 ita
237 3842 343 3884 emere
367 3821 449 3896 licet,
472 3828 507 3883 ut
530 3822 633 3905 ipsum
662 3823 875 3887 sacerdotium
898 3822 987 3884 alteri
1018 3822 1301 3887 administrandum

168 3921 231 3985 det.
270 3921 354 3984 Nam
377 3923 576 3987 sacerdotem
600 3927 648 3986 sui
672 3927 746 3988 iuris
773 3947 840 3988 esse
864 3924 980 3988 debere
1006 3945 1073 3987 curn
1091 3946 1132 3987 en
1153 3926 1300 3989 universo

169 4025 353 4106 Aesculapii
376 4026 464 4088 cultu
492 4032 557 4088 tum
593 4048 634 4089 err
668 4029 744 4111 ipsis
787 4049 867 4111 quae
899 4028 931 4089 in
963 4028 1056 4091 titulo
1093 4028 1138 4090 lh
1173 4035 1301 4093 exstant

167 4129 346 4210 praeceptis
371 4128 516 4193 efficitur.

272 4386 281 4418 ¹
300 4385 335 4434 cf.
355 4386 460 4435 Authes
480 4402 505 4450 p.
524 4384 557 4436 45
577 4402 617 4452 sq.

271 4471 283 4509 ²
302 4471 338 4522 cf.
358 4471 398 4522 tit.
418 4473 457 4522 Ib
478 4489 502 4522 v.
521 4471 537 4524 9
556 4489 614 4542 sqq.
