3180 5174
718 441 786 524 [eo]
1277 445 1317 506 39

185 632 287 715 qualia
314 631 466 694 sacrificia
489 631 621 713 singulis
653 630 692 693 de
725 631 838 714 quihus
873 632 978 712 agitur
1010 632 1077 694 deis
1110 632 1216 695 oblata
1248 632 1317 694 sint.

184 735 258 798 Hoc
281 743 365 799 certe
389 734 524 798 dubitari
549 734 667 818 nequit,
692 735 765 817 quin
784 733 1033 798 sacerdotiorum
1049 735 1149 816 pretia
1166 735 1318 817 quodam-

183 839 279 902 modo
303 837 517 921 respondeant
539 837 706 916 reditibus,
740 837 863 899 etiamsi
894 838 947 918 qui
977 839 1007 899 in
1039 837 1212 900 sacerdotis
1245 858 1318 901 eon·

184 942 307 1007 dicione
345 943 426 1005 inest
465 942 565 1004 honos
603 941 643 1004 ad
682 941 817 1004 emenda
856 940 1034 1005 sacerdotia
1076 941 1182 1023 magni
1224 941 1319 1004 fuerit

183 1045 343 1108 momenti.

601 1620 894 1702 neptunique.

726 1856 766 1920 A.

249 2045 296 2095 DE
316 2045 472 2097 DnORUM
492 2046 531 2096 IN
551 2045 779 2096 ERYTHRAEO
799 2043 933 2094 'l'I'l'ULO
953 2043 1241 2095 COGNOMlNlBUS.

284 2191 345 2254 Dei
383 2193 453 2273 plus
489 2192 716 2274 quinquaginta
751 2191 782 2253 in
817 2212 880 2253 uno
915 2190 968 2251 illo
1004 2190 1181 2274 Erythraeo
1218 2189 1311 2252 titulo

180 2300 415 2373 enumerantur,
439 2315 572 2377 quor-um
596 2294 704 2356 multis
727 2316 764 2356 ea
794 2301 868 2356 sunt
899 2293 1096 2374 cognomina,
1127 2314 1207 2375 quae
1238 2293 1316 2354 raris

179 2405 235 2460 aut
257 2399 353 2461 nullis
376 2398 531 2479 exemplis
558 2397 742 2482 probentur.
789 2397 849 2461 His
878 2395 1122 2481 interpretandis
1152 2396 1316 2478 Rayetus¹

179 2510 246 2566 tam
262 2504 343 2567 boue
361 2524 508 2567 successu
524 2524 651 2584 operam
670 2503 765 2583 dedit,
787 2510 820 2565 ut
836 2523 938 2585 panea
953 2501 1124 2564 iniudicata
1141 2499 1314 2583 reliquerit.

289 2607 319 2682 l)
344 2605 563 2686 Ἁβλαβιιῦν
585 2608 615 2668 in
633 2606 806 2668 Parcarum
830 2607 956 2668 nomine
980 2605 1112 2667 similem
1138 2602 1317 2686 euphemie-

181 2729 267 2770 mum
284 2710 415 2790 agnovit
431 2709 585 2792 Rayetus,
609 2715 705 2792 atque
728 2709 754 2772 is
778 2717 837 2788 est,
861 2730 923 2793 quo
941 2708 1071 2771 eaedem
1087 2708 1166 2770 deae
1181 2705 1315 2768 Athenis

180 2810 374 2874 Eumenides
399 2811 554 2874 dicuntur.
600 2810 667 2874 Nee
701 2813 764 2874 rari
796 2821 870 2875 sunt
903 2810 1056 2874 eiusmodi
1090 2807 1315 2891 euphemismi:

182 2913 385 2976 Βθο1111111112
417 2913 544 2998 quidem
568 2915 831 2998 Mytilenaeorum
856 2912 932 2990 θεάς
964 2912 1134 2996 Ἐτηφίλας
1157 2917 1316 2994 tamquam

181 3015 257 3078 deas
282 3037 356 3078 vere
388 3018 505 3079 amioas
529 3018 700 3099 significari
724 3019 768 3080 ita
792 3024 914 3096 monet,
947 3025 982 3078 ut
1004 3016 1135 3079 similem
1160 3015 1212 3098 qui
1235 3014 1316 3076 inest

180 3119 211 3180 in
231 3115 406 3198 Εὕβουλὲως
423 3119 548 3180 numine
565 3117 817 3202 euphemismum
834 3119 989 3202 respiciat.
1025 3116 1166 3180 Verbum
1184 3116 1317 3198 α’βλαβιή

180 3242 244 3284 une
280 3225 403 3282 tantum
442 3219 511 3282 loeo
551 3226 657 3284 exstat
694 3219 791 3284 Hom.
826 3222 934 3305 hymn.
973 3221 1001 3283 in
1040 3219 1137 3284 Mero.
1173 3240 1201 3284 u.
1237 3218 1316 3281 393:

179 3324 226 3386 ἐπ’
261 3321 421 3410 ἀβλαβίῃσι
455 3330 545 3387 novio.
603 3321 694 3386 Haee
729 3322 861 3406 ἀβλαβίη
896 3324 996 3386 forma
1027 3323 1134 3387 Ionica
1173 3329 1220 3385 est
1257 3342 1314 3404 pro

179 3423 335 3508 apianae.

282 3528 316 3608 2)
340 3528 578 3592 Alexander
603 3528 770 3611 Magnus
800 3529 862 3591 iam
887 3528 980 3590 vivus
1004 3528 1115 3590 divinis
1145 3527 1317 3590 honoribus

179 3631 280 3694 uultus
299 3640 357 3694 est.
393 3631 519 3694 Primus
536 3631 702 3714 Lysander
726 3631 773 3694 his
793 3631 968 3695 honoribus
987 3653 1064 3694 usus
1080 3630 1205 3694 videtur
1216 3630 1315 3702 11113.

183 3734 265 3796 Post
287 3733 370 3796 hune
394 3733 529 3798 Thasios
553 3735 738 3818 Agesilaum
769 3732 859 3809 ’ναοῖς
885 3737 932 3796 καὶ
956 3731 1157 3797 α’ποθεώσεσί
1187 3735 1320 3798 coluisse

179 3842 316 3900 constat.
361 3837 465 3900 Porro
487 3838 588 3901 altero
612 3845 686 3902 ante
720 3837 877 3900 Christum
910 3837 1035 3901 saeoulo
1065 3837 1319 3920 Philopoemena

178 3939 211 4001 in
236 3938 367 4003 deorum
391 3961 522 4003 numero
548 3940 690 4004 habitum
723 3961 793 4004 esse
816 3939 957 4003 nonnulli
982 3939 1063 4002 tituli
1094 3939 1218 4002 docent.
1264 3939 1327 4014 De,

178 4040 355 4105 Alexandri
377 4043 464 4104 oultu
488 4063 515 4106 v.
538 4043 665 4107 Aelian.
694 4043 732 4109 V.
749 4045 792 4108 H.
812 4043 847 4106 ΙΙ
867 4047 918 4125 19;
941 4043 1072 4107 Lucian.
1099 4041 1244 4107 Galumn.
1265 4046 1313 4108 17.

282 4287 290 4321 ¹
310 4286 344 4336 ef.
365 4285 460 4335 Revue
479 4286 552 4336 areli.
573 4285 699 4337 XXXIII
717 4302 742 4350 p.
763 4285 813 4339 125
832 4302 891 4354 sqq.

280 4372 291 4407 2
311 4371 378 4437 ,Die
398 4370 545 4422 insrhrifll.
559 4371 728 4422 Denkmtiler
741 4375 788 4423 des
803 4373 872 4423 aeol.
887 4368 974 4422 Dial.“
995 4387 1021 4422 u.
1037 4369 1069 4422 15
1082 4371 1123 4436 ap.
1139 4369 1269 4422 Bezzenb.
1279 4369 1312 4422 V.

280 4459 342 4509 ⁸ef.
362 4456 444 4508 Duris
463 4473 507 4522 ap.
527 4457 598 4508 Plut.
617 4457 679 4523 Lys.
702 4456 740 4509 18.
