3180 5174
725 471 770 554 [u
1294 477 1310 537 r

183 660 349 724 ediderunt
369 662 406 724 P.
422 661 572 725 Fouoartl
600 663 935 748 etDittenberger11s‚2
958 665 1129 729 Leounorii
1146 667 1310 732 Gallorum

179 767 213 828 in
237 765 345 828 Asiam
378 765 586 852 traicientium
618 766 706 830 ducis
730 769 855 831 nomine
884 770 1031 853 suppleto
1061 790 1124 833 uno
1158 793 1199 834 ex
1221 774 1310 836 annis

182 892 209 932 a.
224 871 286 931 278
302 870 444 952 proxime
461 870 699 954 insequentibus
715 872 844 936 incisum
854 895 930 936 esse
947 863 1174 937 demonstravit
1189 875 1313 938 Ditten·

181 973 343 1055 bergerus.
395 973 465 1046 Quo
503 974 534 1036 iu
564 974 657 1038 titulo
697 975 761 1039 duo
786 975 882 1040 duoes
912 979 1007 1056 Σῖμος
1040 975 1244 1041 Ἀπολλωνίου
1275 971 1313 1041 ¹et

179 1074 300 1150 Ἑκατᾶς
317 1079 345 1138 Γ
347 1075 444 1140 sulcos
462 1085 759 1160 commemorantur,
783 1079 834 1163 qui
858 1080 952 1144 iidem
975 1081 1006 1143 in
1030 1081 1122 1144 titulo
1139 1081 1187 1144 IV
1209 1104 1312 1148 saeer-

181 1178 339 1243 dotiorum
362 1188 520 1263 emptores
536 1184 587 1245 vel
609 1184 744 1266 praedes
758 1190 840 1264 sunt,
863 1190 931 1248 tum
954 1182 1100 1264 ἱεροποιός
1115 1183 1312 1265 Ἀπατούριος

180 1284 306 1368 utrique
337 1285 427 1346 titulo
454 1287 626 1349 eommunis
662 1293 718 1350 est.
765 1285 911 1371 Denique
935 1286 998 1350 dux
1027 1288 1152 1364 Πύθιος
1181 1286 1311 1351 Πυθέου

180 1387 264 1450 illius
288 1387 370 1448 tituli
394 1389 500 1451 neseio
524 1410 565 1451 au
588 1388 671 1452 idem
696 1391 736 1452 sit
759 1391 853 1474 atque
881 1391 972 1453 huius
1003 1388 1152 1471 ἱεροποιός
1177 1394 1311 1466 uereor.

181 1489 233 1552 Ad
257 1490 388 1554 eandem
413 1492 508 1576 igitur
531 1499 671 1558 aetatem
693 1495 804 1557 titulus
827 1493 876 1557 IV
898 1494 1059 1578 psrtinetss

283 1592 564 1661 Halicarnasseuse
581 1598 741 1662 decretum
766 1595 828 1680 (tit.
845 1596 910 1679 ΙΙΙ)
926 1604 998 1662 aute
1016 1599 1151 1681 Augusti
1168 1604 1310 1663 aetatem

181 1702 331 1785 seriptum
355 1721 423 1763 essu
447 1699 625 1764 Boeekhius
650 1723 692 1764 ex.
713 1721 830 1784 genere
853 1702 1050 1765 litteraturae
1074 1701 1198 1766 oonioit.

286 1801 569 1866 Chalcedoniorum
608 1804 736 1866 titulum
774 1803 819 1866 Ib
856 1803 1056 1867 Kumanudis
1094 1803 1188 1866 initiis
1220 1824 1313 1868 aerae

182 1905 378 1970 Christianae
401 1907 531 1970 incisum
550 1929 621 1972 essa
640 1907 800 1990 iudicavit,
824 1907 1032 1971 Latieheffius
1049 1908 1165 1972 reetius
1182 1908 1311 1971 exeunti

183 2011 276 2074 tertio
306 2017 359 2075 aut
382 2011 500 2075 ineunti
533 2011 623 2075 altori
658 2020 731 2075 aute
756 2011 912 2075 Christum
945 2011 1072 2075 saeeulo
1105 2011 1234 2092 tribuit3
1269 2011 1312 2074 Ia

181 2114 239 2178 sub
263 2113 344 2177 idem
368 2115 434 2178 fere
458 2121 582 2198 tempus
607 2124 772 2179 exaratum
789 2138 856 2179 esse
873 2122 1004 2199 propter
1020 2114 1195 2199 scripturae
1211 2135 1311 2197 genus

182 2219 304 2302 opinor.
731 2210 735 2217 ’

282 2321 332 2385 De
354 2321 437 2384 tituli
461 2321 493 2383 ΙΙ
520 2327 625 2384 aetate
656 2343 847 2407 quamquam
882 2343 899 2384 e
931 2322 1088 2404 scriptura
1121 2321 1311 2404 exemplaris

179 2425 263 2488 illius
287 2424 425 2509 quidem,
459 2425 540 2508 quod
571 2432 675 2489 exstat
702 2427 732 2489 in
756 2424 979 2509 Aroh.·Epigr.
1002 2425 1105 2488 Mitth.
1130 2446 1185 2488 aus
1209 2423 1310 2504 Cast,

181 2529 256 2592 certi
274 2528 451 2613 quidquam
475 2529 556 2592 effici
580 2549 643 2593 non
667 2535 783 2612 potest,
820 2537 923 2593 tamen
956 2530 1047 2592 tertio
1080 2528 1207 2594 demum
1235 2535 1310 2591 ante

181 2630 338 2695 Christum
359 2634 486 2696 saeculo
501 2633 719 2697 Samothracia
734 2634 885 2718 mysteria
899 2633 995 2696 latius
1012 2631 1181 2717 propagari
1197 2636 1310 2714 coepta

180 2757 249 2800 esse
272 2736 424 2802 constat.⁴

711 2911 780 2992 §a

478 3031 578 3084 UNDE
597 3030 723 3084 ulrum
742 3031 897 3084 ORIUNDI
916 3030 1004 3082 SINT.

282 3142 480 3222 Boeekhius,
526 3145 579 3228 qui
616 3150 742 3227 praeter
782 3144 868 3207 illum
913 3164 1006 3227 quem
1045 3165 1139 3228 supra
1183 3142 1311 3206 laudavi

179 3247 324 3330 Dionysii
358 3248 462 3310 looum
488 3270 586 3311 unum
609 3248 734 3312 titulum
751 3247 1062 3311 Halicarnassensem
1087 3253 1227 3324 noverat,
1250 3246 1309 3310 nisi

180 3351 211 3413 in
233 3350 336 3434 patria
359 3350 500 3435 Dionysii
532 3373 689 3436 nusquam
712 3350 892 3414 sacerdotia
924 3350 1055 3414 veniisse
1088 3352 1219 3435 putavit.
1266 3350 1310 3412 At

180 3453 314 3518 eundem
330 3477 421 3518 usum
435 3456 528 3520 latius
545 3456 777 3540 percrebruisse
793 3455 888 3518 aeteri
905 3456 958 3538 qui
974 3462 1085 3538 postea
1101 3457 1308 3518 innotuerunt

131 3605 137 3618 .
180 3558 262 3620 tituli
286 3560 443 3623 evineunt.

280 3661 404 3725 Titulus
428 3662 479 3738 Ia,
503 3683 573 3724 cum
589 3660 853 3725 marioli-Karai<
874 3661 904 3724 in
929 3661 1046 3746 oppido
1064 3669 1167 3724 eastra
1189 3660 1307 3724 stativa

178 3763 430 3843 aedificarentur,
453 3767 600 3828 inventus
627 3773 683 3828 est.
731 3765 824 3839 Quod
850 3765 1000 3850 oppidum
1025 3767 1099 3850 quin
1125 3763 1215 3850 Ἱερῷ
1231 3761 1306 3838 Aah

179 3865 305 3946 Ου’ριόυ,
330 3868 409 3951 quod
435 3874 558 3931 veteres
582 3876 793 3949 vocaverunt,
816 3867 1026 3953 respondeat,
1056 3891 1119 3952 quo
1142 3868 1208 3952 ipso
1235 3868 1305 3930 loeo

176 3966 344 4032 duodeoim
361 3968 492 4032 deorum
509 3971 629 4033 cultum
644 3971 787 4036 floruisse
803 3973 979 4055 complures
996 3991 1101 4033 rerum
1117 3968 1307 4054 scriptores⁵

177 4098 382 4107 ——.—--a-

279 4165 286 4192 ¹
308 4158 379 4210 Bull.
399 4159 432 4210 de
452 4173 569 4223 eorresp.
590 4158 662 4210 Hell.
680 4159 723 4210 ΙΙΙ
742 4157 833 4222 (1879)
853 4176 878 4223 p.
896 4157 947 4211 388
962 4175 1021 4226 sqq.

278 4243 288 4279 ²
307 4245 333 4296 S.
352 4247 374 4295 Ι.
395 4245 426 4296 G.
446 4261 471 4296 n.
492 4243 549 4296 159.

279 4331 288 4364 ³
307 4329 341 4380 oi.
361 4347 432 4396 quae
444 4330 671 4393 Dittenbergerus
685 4332 812 4396 exposuit
827 4331 918 4385 Herm.
938 4327 991 4382 XV
1003 4349 1028 4398 p.
1047 4331 1106 4384 609.
1126 4328 1194 4382 XVI
1209 4349 1233 4396 p.
1250 4330 1305 4384 194.

276 4417 288 4451 ⁴
306 4415 340 4468 of.
355 4414 726 4467 Canza-Hauser·Benndorf
740 4403 950 4481 „Samothrakel
967 4415 1153 4480 (Wien1880)
1170 4417 1198 4470 II
1210 4434 1235 4487 p.
1251 4415 1307 4470 109.

279 4500 339 4552 5οΙ.
359 4500 386 4554 C.
409 4500 516 4568 Molles,
537 4501 635 4570 Grogr.
655 4502 700 4553 Gr.
720 4502 783 4555 min.
802 4503 831 4554 ΙΙ
850 4520 875 4573 p.
896 4501 937 4556 ol.
956 4503 996 4557 75.
