3180 5174
319 504 360 569 20
844 499 913 584 [aa]

318 702 425 769 λεῖται,
449 696 474 755 si
498 692 528 754 δὲ
550 690 595 773 μή
621 689 718 768 inam,
742 687 891 752 πωλθῖῑαί
915 711 1087 772 congruere
1119 710 1212 773 nego,
1243 712 1312 752 cum
1343 692 1372 753 in
1404 690 1452 754 bis

317 798 420 859 verbis
446 816 484 860 ea
506 795 594 857 notio
617 795 722 856 inesse
745 813 807 855 non
840 794 952 875 possit,
985 801 1020 854 ut
1051 790 1276 874 iucnrnpdnauv
1306 793 1345 854 ad
1374 793 1451 856 iilud

317 899 565 963 coacervationis
589 897 638 960 ius
661 897 829 980 pertineat.
874 895 1018 978 Denique
1043 895 1095 958 vel
1126 896 1197 959 ideo
1230 916 1267 959 ea
1295 895 1452 958 reicienda

317 1003 459 1085 estquis
475 1002 590 1064 multos
607 1000 678 1063 illos
695 998 889 1083 Erythraeos
907 1000 1004 1062 semel
1017 1001 1049 1061 in
1066 1001 1159 1064 titulo
1176 1007 1450 1079 commemoratos,

316 1104 431 1189 quibus
455 1102 634 1167 sacerdotia
657 1099 890 1182 ἓπεπράθησαν,
913 1101 975 1162 iam
996 1109 1070 1165 ante
1090 1098 1249 1183 im‘npoorr
1270 1101 1453 1164 sacerdotes

315 1207 414 1270 fuisse
445 1205 615 1268 verisimile
640 1225 702 1265 non
727 1211 785 1266 cst.

418 1311 532 1373 Restat
566 1309 660 1390 igitur
694 1309 786 1369 tertia
821 1307 1039 1389 interpretatio
1075 1327 1177 1390 eaque
1211 1308 1451 1389 simplicissima,

316 1433 410 1496 quarn
434 1413 522 1475 nulio
546 1417 734 1493 argumento
751 1409 850 1472 refelli
866 1429 961 1492 posse
977 1431 1162 1492 persuasum
1181 1409 1311 1473 habeo¹.
1357 1408 1451 1473 Unde

317 1536 387 1578 cum
419 1514 665 1598 proficiscamur,
703 1510 932 1590 s’nnrpottsrooiv
966 1511 1125 1592 ἱθρητειθῖν
1153 1533 1320 1574 numerum
1350 1511 1451 1573 multo

316 1618 467 1679 maiorem
492 1637 562 1678 csse
587 1635 684 1696 quam
699 1616 879 1694 πραθθισθῐν
901 1620 1146 1677 consentaneum
1164 1623 1221 1676 est.
1266 1612 1339 1677 Hoc
1355 1635 1452 1676 unum

315 1719 532 1782 examinemus
564 1723 706 1802 oportet,
738 1739 812 1780 num
844 1739 873 1779 v.
907 1719 966 1778 107
997 1719 1043 1779 vis
1074 1725 1171 1801 atque
1202 1718 1289 1779 notio
1322 1718 1362 1779 ab
1393 1715 1452 1779 bac

315 1823 578 1904 interpretatione
613 1821 750 1884 recedat.
802 1819 979 1882 Praescribi
1010 1820 1107 1902 igitur
1138 1821 1278 1900 videtur,
1313 1820 1339 1882 si
1372 1821 1453 1904 quis,

317 1924 391 1987 dum
413 1923 563 1987 sacerdos
587 1930 644 2003 est,
667 1923 802 1986 alterum
833 1922 1046 1985 sacerdotium
1076 1923 1224 1984 auctione
1255 1923 1453 2005 quaesiturus

317 2027 366 2109 sit,
389 2034 424 2089 ut
447 2027 517 2110 plus
541 2026 673 2089 liceatur
703 2026 781 2106 aliis,
816 2026 870 2109 qui
899 2025 1040 2088 nondum
1065 2025 1276 2088 sacerdotium
1309 2027 1452 2089 emerint.

318 2128 436 2192 Nostra
470 2128 597 2212 quidem
620 2135 726 2192 aetate
755 2128 822 2190 fieri
853 2133 973 2211 potest,
1005 2135 1040 2189 ut
1069 2127 1232 2209 opificibus
1263 2129 1453 2210 opificumve

319 2230 580 2311 conductoribus,
614 2233 667 2314 qui
699 2232 760 2294 iam
794 2253 888 2294 unum
923 2253 1002 2315 opus
1033 2229 1194 2314 publicum
1224 2231 1452 2312 perficiendum

318 2334 526 2418 susceperint,
557 2356 625 2396 cum
650 2355 735 2397 nova
766 2355 862 2416 opera
891 2333 1027 2397 locanda
1058 2335 1136 2413 sint,
1165 2337 1193 2394 ei
1222 2333 1453 2416 praeferantur,

319 2438 431 2521 quibus
448 2436 587 2499 nondum
605 2438 706 2500 simile
722 2437 911 2499 beneficium
928 2436 1089 2522 publicum
1107 2436 1284 2518 contigerit.
1312 2436 1453 2499 Dubium

320 2548 426 2603 tamen
450 2546 505 2611 est,
529 2561 603 2601 num
627 2560 667 2601 ex
691 2539 784 2602 simili
808 2540 929 2602 ratione
953 2539 1095 2601 condicio
1119 2539 1172 2600 illa
1201 2537 1373 2621 repetenda
1402 2539 1453 2620 sit,

318 2664 399 2726 quae
420 2644 452 2706 in
475 2644 567 2706 titulo
584 2642 834 2725 Erythraeorum
851 2640 1003 2724 pub1i002
1031 2641 1155 2704 disertis
1178 2642 1283 2704 verbis
1301 2661 1454 2724 expressa

319 2754 382 2824 cst3
406 2767 482 2808 sane
505 2745 756 2808 sacerdotiorum
783 2749 813 2807 et
835 2743 996 2806 redituum
1015 2765 1054 2806 ex
1072 2744 1294 2806 sacrificiorum
1311 2743 1451 2826 reliquiis

317 2849 572 2931 provenientium
610 2847 850 2910 coacervatione
890 2867 929 2908 ne
968 2847 1063 2910 ceteri
1101 2847 1187 2909 cives
1227 2847 1452 2910 detrimentum

318 2955 477 3033 caperent,
504 2949 677 3013 verendum
706 2956 782 3012 erat.
838 2948 930 3022 Quod
965 2949 991 3011 si
1023 2953 1108 3010 recte
1140 2969 1158 3009 a
1190 2969 1239 3010 me
1273 2949 1454 3032 expositum

320 3058 379 3133 est,
403 3052 470 3114 fieri
493 3073 556 3114 noo
581 3057 697 3134 potest,
721 3052 796 3135 quin
820 3073 850 3114 v.
876 3053 916 3113 63
939 3048 1233 3131 ἕπεπράθησαν
1254 3051 1391 3134 legatur.

421 3155 482 3218 Sed
507 3155 691 3237 priusquam
715 3152 862 3234 irprprsc'or
886 3153 1055 3232 aprrttsr'oog
1079 3159 1110 3214 et
1134 3148 1355 3233 ἒπιπραθθίσας
1378 3175 1453 3217 enu-

318 3277 453 3336 merem,
485 3257 629 3339 quotiens
663 3256 758 3318 verba
785 3257 840 3317 illa
872 3255 921 3316 vel
953 3255 1067 3316 similia
1095 3255 1127 3314 iu
1157 3253 1333 3337 Erythraeo
1361 3257 1452 3319 titulo

320 3361 529 3439 inveniantur,
555 3361 615 3422 hoc
639 3359 863 3424 demonstrabo
887 3363 1078 3441 conspectu:

423 3461 456 3544 l)
487 3462 645 3544 nrnpdoaur
669 3486 698 3527 v.
723 3466 772 3526 50.
798 3466 848 3526 94.
875 3463 946 3524 109.
973 3462 1141 3526 126.,166.

490 3565 596 3629 πωλέω
619 3589 650 3630 v.
678 3568 748 3629 107.

489 3667 631 3750 ἀγοράζω
656 3689 684 3732 V.
710 3671 760 3732 97.
789 3673 858 3734 157.

424 3828 432 3859 1
453 3827 484 3873 In
511 3823 624 3874 eundem
650 3823 812 3874 sententiam
839 3823 941 3872 Anthcs
967 3823 984 3872 i.
1009 3837 1032 3871 c.
1053 3839 1078 3884 p.
1097 3819 1131 3871 98
1157 3821 1268 3885 incidit3
1296 3837 1365 3887 quae
1391 3837 1454 3870 num

319 3915 396 3958 recte
414 3909 456 3972 sit,
478 3908 596 3972 dubitat,
622 3926 680 3958 rum
701 3909 833 3974 Repetunt
860 3914 969 3958 secutus
995 3909 1111 3972 pretium
1138 3922 1172 3956 ex
1197 3906 1317 3971 epiprasi
1342 3905 1453 3957 ductum

320 4007 405 4057 usque
424 3994 510 4044 minus
531 4010 589 4044 esse
609 4010 689 4060 quarn
710 4009 743 4043 ex
762 3994 836 4058 prasi
856 3993 1012 4044 arbitretur.
1049 3992 1128 4051 Quod
1148 3998 1237 4042 autem
1258 4009 1312 4042 una
1330 3992 1377 4042 illu
1394 3988 1454 4049 Διδς

314 4080 507 4146 ’Λποτροπαίου
532 4085 572 4130 καὶ
597 4077 706 4144 Ἀθηνᾶς
730 4078 923 4144 Ἀποτροπαίας
950 4080 1054 4144 irpprsr‘o
1081 4060 1314 4146 inrupodiiou
1342 4076 1453 4127 minoris

319 4166 403 4215 valuit
423 4181 501 4231 quam
522 4171 708 4231 πραθεῖσα,
727 4165 753 4213 in
774 4162 925 4230 posteriore
940 4162 1097 4214 venditione
1113 4163 1148 4223 (v.
1165 4161 1223 4214 115r
1238 4166 1323 4212 maius
1337 4141 1452 4225 pretium

319 4266 399 4316 quam
419 4251 445 4300 in
466 4249 557 4314 priore
576 4247 613 4312 (v.
627 4248 672 4314 b'S)
694 4250 800 4312 publice
821 4250 996 4299 constitutum
1013 4264 1071 4299 csse
1086 4249 1201 4299 videtur.
1234 4246 1290 4296 Nec
1305 4244 1452 4310 quidquam

319 4336 459 4400 habemus,
485 4351 533 4386 cur
558 4349 664 4400 semper
693 4351 775 4385 unum
804 4335 931 4400 idemque
960 4334 1073 4400 pretium
1103 4351 1152 4398 pro
1181 4334 1273 4382 eodem
1299 4329 1452 4382 sacerdotio

319 4423 429 4486 publice
449 4420 628 4472 constitutum
647 4436 706 4470 esse
725 4425 856 4486 putemus.

420 4508 431 4542 ²
451 4506 483 4558 ci.
504 4522 530 4572 p.
549 4505 590 4557 34.
