3180 5174
331 435 371 499 ro
860 434 928 519 [10]

330 647 401 688 men
437 626 519 708 eius,
554 628 608 711 qui
642 627 737 690 fidem
770 633 918 711 praestat.
970 628 1113 706 Menses,
1149 631 1261 713 quibus
1295 633 1460 696 venierunt

330 729 518 811 sacerdotia,
541 732 727 814 plerumque
751 732 857 794 omissi
872 739 954 796 sunt.
990 732 1122 796 Praeter
1145 733 1267 814 πράσεις
1289 743 1320 799 et
1335 736 1459 818 ἐπιπρά-

331 857 389 908 orig
413 840 463 896 ter
486 832 692 910 διοοοοτάοεις
715 836 1031 899 commemorantur.l

431 937 540 1021 Atque
563 947 598 1000 ut
628 937 659 998 in
684 938 860 1022 Erythraeo
893 938 1111 1002 venditionum
1142 940 1245 1004 indiec
1278 950 1456 1027 emptorum

328 1040 508 1102 nominibus
532 1040 619 1104 locus
651 1042 711 1104 fuit
740 1043 947 1119 necessarius,
978 1042 1022 1105 ita
1054 1044 1147 1105 etiam
1180 1044 1377 1109 decretorum
1409 1047 1457 1109 Ib

332 1149 362 1207 et
386 1144 428 1222 II,
452 1144 565 1226 quibus
589 1144 762 1208 sacerdotia
786 1145 966 1229 Aesculapii
997 1153 1028 1208 et
1059 1145 1296 1212 Samothracum
1326 1149 1457 1213 deorum

328 1247 494 1310 vendenda
515 1249 766 1332 promulgantur,
791 1251 894 1313 verbis
910 1252 1037 1314 nomina
1054 1252 1161 1315 addita
1177 1261 1250 1316 sunt
1268 1262 1456 1338 emptorum.

329 1350 418 1423 Quae
441 1374 480 1414 ne
497 1352 527 1414 in
544 1353 640 1416 titulis
658 1353 783 1436 quidem
799 1353 841 1416 Ia
858 1361 888 1416 et
905 1354 967 1434 ΙΙΙ,
991 1376 1061 1417 cum
1079 1356 1178 1418 ultimi
1195 1378 1302 1421 versus
1318 1359 1455 1420 maxime

328 1455 463 1518 mutilati
486 1456 558 1538 sint,
582 1455 719 1521 defuisse
744 1457 835 1523 facile
859 1458 1023 1524 concedes.

853 1719 922 1799 §4-

615 1857 866 1918 QUAESTIONES
886 1857 1169 1909 EPIGRAPHICAE.

429 1979 461 2059 a)
485 1979 695 2062 Erythraeum
727 1980 864 2060 titulum,
895 2000 965 2042 cum
996 1979 1026 2040 iu
1054 1986 1163 2061 partes
1194 1985 1342 2062 quattuor
1364 2000 1452 2044 sece-

325 2082 411 2163 dat,2
443 2103 525 2166 quse
554 2103 626 2145 cum
648 2083 715 2146 aliis
740 2083 855 2146 rebus3
884 2091 949 2144 tum
977 2083 1151 2164 scripturae
1174 2103 1292 2168 genere
1315 2085 1453 2148 maxime

328 2186 409 2247 inter
439 2206 472 2247 se
504 2185 693 2270 discrepant,
724 2208 785 2249 non
820 2208 880 2249 uno
911 2193 1020 2248 tenore
1051 2186 1183 2248 incisum
1214 2207 1282 2249 esse
1312 2193 1454 2270 apparet.

327 2288 511 2367 sacrificuli,
542 2291 653 2374 quibus
683 2290 864 2352 curantibus
896 2289 1060 2351 venierunt
1090 2290 1276 2370 sacerdotia,
1308 2289 1455 2373 deinceps

324 2399 611 2456 commemorantur
648 2393 692 2454 hi:
753 2391 783 2471 1)
825 2412 939 2454 nomen
981 2391 1148 2471 incertum,
1206 2395 1240 2470 2)
1283 2390 1452 2472 dharvirarog

325 2516 353 2558 v.
380 2498 430 2576 14,
463 2495 496 2572 3)
523 2493 727 2574 Ἑομόκλεοτος
752 2517 780 2558 v.
805 2497 855 2574 23,
891 2494 923 2572 4)
950 2493 1117 2574 derivator
1144 2518 1173 2559 v,
1200 2497 1250 2576 37,
1284 2493 1319 2577 5)
1349 2493 1456 2574 Ἑρμό-

323 2624 451 2678 οτροτος
462 2620 490 2661 v.
503 2601 552 2678 45,
572 2599 605 2678 6)
619 2619 732 2661 nomeu
745 2620 808 2661 non
822 2609 981 2661 servatum
996 2605 1043 2660 est
1054 2619 1081 2661 v.
1094 2601 1144 2677 51,
1160 2597 1191 2679 7)
1206 2597 1353 2678 Ἐπίγονος
1363 2620 1391 2661 v.
1402 2601 1452 2677 63,

323 2699 358 2783 8)
382 2701 561 2784 Ἀγασικλῆς
574 2726 603 2764 v.
616 2705 666 2783 86,
691 2703 723 2780 9)
741 2700 901 2780 &additione
913 2709 968 2765 τοῦ
981 2701 1157 2785 Μήτρωνος
1169 2725 1198 2766 v.
1214 2706 1264 2784 91,
1293 2704 1344 2784 10)
1361 2701 1453 2766 Ἀπα-

322 2803 441 2886 τούριος
456 2826 484 2868 V.
502 2809 552 2869 94.
571 2808 622 2888 99,
648 2803 702 2885 11)
719 2802 886 2887 Ζηνόδοτος
904 2825 930 2867 V.
948 2807 1016 2884 109,
1044 2802 1321 2887 12)Ἠρακλεοίτης
1337 2827 1366 2870 v,
1382 2807 1452 2884 121,

324 2907 379 2988 13)
407 2907 531 2983 Πύθιος
555 2929 582 2971 v.
610 2911 678 2973 128.
724 2907 898 2972 Praeterea
925 2908 1126 2992 Pythoorito,
1158 2907 1316 2991 Matrona,
1346 2907 1452 2991 Hege-

321 3033 435 3094 sagora
466 3012 648 3075 sacrificulis
679 3013 872 3076 venditiones
906 3012 1003 3075 factas
1036 3032 1105 3075 esse
1136 3034 1152 3073 e
1184 3035 1213 3076 v.
1244 3015 1291 3075 18.
1315 3016 1365 3076 42.
1391 3015 1451 3076 159

321 3115 485 3180 cernimus.
537 3114 648 3200 Neque
678 3117 772 3198 igitur
804 3138 912 3180 omnes
947 3136 1028 3200 quoe
1060 3115 1201 3199 Erythris
1239 3116 1342 3180 factae
1377 3122 1450 3180 sunt

321 3218 565 3282 sacerdotiorum
583 3220 779 3283 venditiones
795 3221 906 3283 titulus
924 3220 1062 3282 exhibet.
1088 3220 1192 3303 Atque
1206 3219 1449 3304 Hegesagoram

322 3320 449 3405 quidem
472 3343 555 3384 anno
580 3333 651 3386 ante
674 3327 865 3409 Apaturium
887 3325 1033 3407 proximo
1057 3322 1266 3394 sacrificulum
1290 3324 1387 3387 fuisse
1411 3346 1451 3386 ex

323 3425 421 3487 altero
447 3425 540 3489 titulo
564 3426 764 3511 Erythrae04
786 3434 884 3512 patet.
930 3425 1102 3510 Lapicidae
1123 3426 1219 3508 igitur
1239 3421 1342 3510 'eulpa
1374 3428 1453 3489 inter

320 3529 512 3592 sacrificulos
536 3529 741 3595 Theodorum
765 3530 809 3614 (v.
837 3531 894 3612 91)
919 3539 950 3594 et
975 3531 1166 3614 Apaturium
1190 3530 1233 3611 (v.
1258 3532 1312 3610 99)
1336 3529 1447 3614 Ἀφρο-

320 3633 407 3714 δίτης
431 3632 655 3716 Ποθοχρήοτοο
679 3635 847 3698 sacerdotii
864 3634 1004 3698 venditio
1022 3634 1136 3698 omisso
1153 3641 1210 3697 est.
1249 3634 1290 3697 ut
1306 3635 1448 3718 profecto

319 3735 399 3799 hauc
432 3739 631 3801 omissionem
665 3741 733 3801 eius
770 3739 931 3822 lapicidae,
965 3739 1018 3824 qui
1053 3741 1176 3802 tertiam
1213 3737 1295 3801 tituli
1330 3747 1450 3821 partem

319 3838 464 3919 confecit,
495 3841 715 3924 neglegentiae
747 3843 797 3905 vel
828 3841 898 3904 ideo
923 3842 1123 3904 tribuendam
1149 3862 1218 3904 esse
1241 3847 1331 3923 puto,
1365 3839 1448 3924 quod

322 3979 526 3988 --—---—-

422 4052 430 4082 ¹
450 4050 485 4100 ct',
504 4067 527 4098 v.
550 4048 588 4101 13.
607 4048 648 4102 36.
671 4049 728 4101 156.

422 4139 432 4173 ²
452 4137 543 4188 Prima
562 4155 625 4203 pars
645 4154 730 4205 usque
750 4138 785 4189 ad
806 4157 829 4190 v.
843 4139 885 4199 48,
905 4141 994 4190 altera
1014 4137 1151 4205 usquead
1172 4156 1195 4188 v.
1209 4138 1250 4196 93.
1269 4137 1351 4188 tertis
1364 4151 1449 4202 usque

318 4220 353 4271 ad
373 4239 397 4273 v.
419 4221 477 4285 113,
497 4227 595 4290 quarta
614 4240 698 4290 usquc
718 4225 752 4274 ad
772 4224 851 4275 finem
872 4226 944 4276 tituli
963 4224 1090 4289 pertinet.

421 4309 430 4342 ³
448 4307 492 4360 Sic
512 4311 539 4360 in
559 4316 637 4375 parte
657 4311 699 4362 111
716 4310 822 4364 ἒποὶνιον
840 4316 866 4360 et
887 4312 1004 4381 ἐγγυητής
1022 4326 1072 4374 per
1084 4310 1243 4375 compendia
1262 4311 1365 4374 scripta
1378 4313 1449 4370 sunt,

319 4394 355 4444 cf.
375 4393 441 4445 Rev.
461 4396 534 4446 arch.
555 4396 680 4448 XXXIII
698 4415 724 4464 p.
746 4397 802 4449 107.
825 4397 879 4448 110.
901 4395 1033 4448 116.119.

419 4481 482 4533 ⁴ct.
501 4482 623 4535 Dittenb.
644 4484 669 4539 S.
689 4484 710 4535 Ι.
730 4484 761 4536 G.
782 4501 807 4535 u.
827 4483 884 4537 159.
