3180 5174
838 455 906 540 1361

835 752 910 833 §a

330 945 403 1007 Qun
425 943 567 995 tarsun
586 942 808 994 SACERDOTII
828 942 965 994 uupulo
986 942 1165 994 vuuulrrc
1185 943 1295 1006 NATA,
1315 943 1419 1004 QUAM

427 1038 521 1089 LATE
543 1038 772 1099 PROPAGATA,
792 1036 1025 1096 QUAMOBREM
1046 1037 1242 1090 INSTITUTA
1262 1038 1326 1089 SIT.

412 1211 442 1290 1)
468 1209 653 1273 Sacerdotia
677 1207 834 1271 vendendi
857 1209 1118 1272 consuetudinem
1142 1232 1213 1273 curn
1232 1231 1272 1272 ex
1294 1213 1441 1280 omnibus

305 1321 449 1377 veterum
472 1313 676 1396 scriptoribus
707 1313 812 1389 uuus¹‚
844 1313 897 1395 qui
928 1312 1076 1395 Augusto
1107 1312 1233 1374 demum
1265 1315 1440 1398 imperante

305 1417 422 1488 floruit,
441 1415 612 1478 memoriae
628 1413 800 1497 prodiderit
823 1423 854 1476 et
878 1417 909 1476 in
933 1415 1178 1499 interpretandis
1196 1418 1342 1481 omnibus
1358 1440 1440 1502 quae

307 1521 369 1583 huc
391 1522 550 1603 pertinent
579 1518 833 1603 inscriptionibus
860 1525 933 1602 post
958 1517 1135 1582 Alexandri
1160 1521 1268 1602 Magni
1297 1531 1442 1606 tempora

305 1623 428 1703 scriptis
452 1631 518 1685 tum
542 1621 667 1684 demum
691 1622 814 1684 uenalia
838 1622 1014 1686 sacerdotia
1036 1622 1119 1686 facta
1147 1645 1218 1686 esse
1244 1624 1466 1688 demonstra-v

306 1725 468 1804 venimusff,
493 1747 554 1788 nou
571 1732 646 1788 ante
663 1723 882 1788 Alexandrum
906 1725 1170 1789 consuetudinem
1192 1728 1277 1790 illam
1300 1730 1441 1792 valuisse

306 1827 473 1892 contendo.
511 1827 585 1890 Hoc
609 1835 731 1890 tantum
755 1849 815 1891 nou
840 1830 976 1891 clamant
992 1829 1169 1913 Erythraea
1189 1852 1289 1914 sacra,
1306 1853 1441 1916 quorum

304 1932 440 2017 plurima
465 1943 539 1994 tunc
561 1932 675 2014 ipsum,
700 1953 768 1993 cnm
791 1931 883 1994 indici
901 1932 1103 2014 adderentur,
1128 1933 1253 1995 venalia
1270 1933 1355 1997 facta
1372 1955 1441 1997 esse

305 2036 415 2118 negari
438 2036 555 2117 nequit.
598 2034 710 2118 Neque
735 2035 790 2097 ulli
813 2035 864 2096 alii
888 2056 1002 2098 causae
1027 2035 1119 2098 tribui
1145 2042 1260 2120 potest,
1286 2036 1370 2119 quod
1393 2042 1441 2099 tot

306 2138 486 2201 sacerdotia
510 2147 575 2199 tam
601 2138 690 2201 brevi
714 2139 860 2221 temporis
884 2140 987 2221 spatio
1012 2139 1189 2204 venierunt.
1234 2139 1318 2211 Quin
1344 2141 1441 2202 etiam

307 2242 449 2323 exceptis
485 2240 676 2315 Ἀπόλλωνος
711 2240 917 2317 liaccoror-'urc3
950 2247 1011 2303 κτλ.
1044 2248 1076 2304 et
1106 2239 1290 2324 Ἀφροδίτης
1322 2248 1376 2322 τῆς
1408 2239 1442 2304 ἐν

305 2342 470 2430 Ἐιιβάτῳ1
498 2343 681 2407 sacerdotiis
713 2345 744 2406 in
776 2345 869 2406 titulo
899 2343 945 2406 IV
971 2347 1072 2408 inesse
1095 2351 1173 2428 puto
1197 2345 1330 2426 nullum,
1354 2343 1439 2428 quod

305 2469 369 2510 non
393 2449 528 2531 primurn
552 2449 692 2511 venierit.
739 2446 841 2519 Quam
864 2448 896 2510 in
929 2450 1115 2511 sententiam
1146 2449 1196 2510 vel
1229 2450 1367 2511 maxime
1401 2469 1439 2512 eo

305 2552 500 2624 adducimur,
533 2551 617 2634 quod
646 2552 676 2613 iu
707 2558 843 2634 utroque
872 2550 956 2633 quod
981 2550 1076 2614 modo
1103 2551 1239 2613 indicavi
1262 2551 1439 2615 sacerdotio

306 2655 373 2717 eius
397 2654 514 2716 mentio
539 2652 591 2732 fit,
626 2653 679 2735 qui
708 2659 802 2716 antea
826 2652 1037 2716 sacerdotium
1062 2652 1206 2717 emersu.
1253 2653 1332 2717 Cum
1356 2656 1439 2716 euim

304 2759 336 2820 in
359 2757 472 2821 ceteris
496 2756 663 2840 Erythraei
688 2757 770 2819 tituli
794 2757 978 2820 sacerdotiis
1008 2759 1288 2840 praedecessorum
1311 2759 1440 2822 nomina

305 2859 421 2920 omissa
449 2861 520 2938 sint,
553 2860 631 2922 haec
659 2860 765 2922 omnia
796 2860 932 2942 primum
963 2861 1099 2924 veniisse
1131 2883 1261 2925 necesse
1293 2860 1361 2925 fere
1393 2866 1440 2923 est

306 2961 527 3026 concedamus.

409 3082 443 3162 2)
469 3081 654 3146 Sacerdotia
678 3083 837 3146 vendendi
862 3084 1123 3147 consuetudinem
1146 3105 1209 3145 non
1230 3084 1323 3146 unius
1348 3083 1438 3146 Hali·

305 3186 534 3248 carnassiorum
558 3186 749 3269 reipublicae
771 3187 934 3271 propriam
957 3188 1053 3249 fuisse
1077 3208 1135 3250 nec
1159 3195 1281 3250 tantum
1303 3187 1336 3248 in
1363 3187 1438 3249 civi·

305 3287 422 3349 tatibus
446 3288 571 3349 Asianis
594 3288 754 3371 Asiaeque
778 3289 926 3367 finitimis,
950 3289 1006 3352 sed
1023 3290 1117 3352 etiam
1133 3290 1164 3350 in
1180 3291 1289 3352 insulis
1309 3290 1437 3373 quibus·

304 3391 374 3452 dam
408 3411 508 3475 prope
532 3391 673 3453 Atticam
703 3391 769 3454 sitis
793 3393 943 3453 usitatam
973 3392 1072 3455 fuisse
1101 3391 1182 3453 tituli
1213 3390 1438 3456 demonstrant.

306 3493 395 3566 Quae
418 3493 586 3556 sacerdotii
618 3495 735 3576 emptio
763 3493 913 3575 venditio,
944 3515 1013 3556 cum
1044 3497 1075 3556 in
1108 3495 1236 3557 urbibus
1267 3505 1299 3558 et
1330 3494 1437 3556 Dcriis

305 3603 336 3660 et
349 3595 447 3658 loniis
459 3596 559 3659 isdem
574 3595 641 3660 fere
653 3597 850 3679 temporibus
863 3598 1004 3660 floruerit
1020 3617 1122 3680 neque
1137 3597 1302 3660 Graeciam
1315 3597 1438 3681 ipsam6

304 3762 510 3770 ...Ἣ-

411 3875 418 3908 ¹
439 3873 473 3925 cf.
493 3891 518 3939 p.
537 3875 561 3924 4.

408 3977 418 4008 ²
438 3975 472 4025 of.
492 3992 517 4040 p.
536 3975 561 4028 9.

407 4079 416 4112 ³
435 4079 470 4130 cf.
489 4079 530 4129 tit.
552 4079 590 4130 IV
611 4097 635 4130 v.
657 4078 688 4131 19
707 4095 766 4147 sqq.

406 4181 470 4232 4cf.
491 4183 506 4232 1.
527 4199 549 4232 c.
568 4197 594 4233 v.
613 4182 648 4234 tc
665 4199 705 4248 sq.

407 4285 470 4337 ⁵ct.
491 4300 514 4334 v.
535 4283 566 4335 17
585 4301 626 4352 sq.
645 4287 676 4338 41
697 4302 737 4353 sq.

405 4388 616 4439 ⁶Athenienses
643 4388 753 4455 quidem
780 4406 854 4440 more
883 4390 931 4440 illo
959 4389 1067 4440 omnino
1095 4390 1214 4441 caruisse
1242 4396 1357 4442 constat.
1395 4391 1436 4444 01.

304 4474 412 4526 Martha
431 4473 448 4522 1.
468 4488 490 4523 c.
511 4490 537 4540 p.
555 4472 596 4538 25),
615 4473 639 4524 c.
