3180 5174
705 484 772 569 [29]

530 677 706 759 [Φύλαρχος
730 675 930 757 Αυτονόμου]

246 827 390 889 Καλλίνου
413 824 582 906 Φυλάρχου
816 822 1010 902 [Αὐτόνομος
1045 819 1219 904 Φυλάρχου]

250 916 410 1080 ΦύλαρχοςΙ
436 997 613 1070 Καλλιίονος
836 991 1000 1075 Φύλαρχος
1026 911 1222 1072 Αιδτσνὸμσυ.
1332 991 1333 994 “

160 1102 306 1162 Καλλίαν
329 1101 481 1182 igitur'et
504 1121 562 1184 pre
601 1121 659 1161 suo
683 1099 782 1182 ipsius
806 1105 837 1160 et
861 1118 918 1181 pro
943 1096 1049 1159 fratris
1072 1096 1137 1158 filio
1160 1097 1307 1180 spondet.

264 1217 319 1302 19)
343 1219 382 1281 ei.
405 1242 434 1284 v.
461 1222 519 1282 151
544 1240 625 1302 sqq.:
667 1216 865 1298 Ἀρισταγὸρη
892 1215 1125 1297 Διονυσοδώρου
1147 1215 1227 1296 μοτοδ
1250 1223 1306 1279 τοῦ

159 1319 264 1396 παιδὸς
305 1319 534 1407 Διονυσοδώρου
573 1328 629 1384 τοῦ
659 1318 881 1403 Ἀριστομένου
918 1316 1105 1402 κληρονόμος
1134 1312 1208 1381 οὖσα
1242 1325 1305 1382 τών

158 1421 374 1506 Ἀριστομένου
394 1431 452 1488 τοῦ
468 1422 693 1508 Μητροδώρου
714 1421 789 1486 κατὰ
814 1421 963 1504 διαθήκην
983 1423 1203 1504 διασυνι’στηοιν
1223 1422 1305 1505 ἱερη-

158 1526 250 1601 τοίαν,
290 1525 325 1607 'ip
363 1526 515 1611 ἠγόρασεν
547 1525 771 1610 Ἀριστομένης
805 1521 1029 1608 Μητροδώρου
1066 1527 1115 1586 ἕατ’
1151 1523 1305 1607 ἱεροποιοῧ
1385 1517 1388 1520 ’

159 1625 376 1713 Ἡγησαγὸρσυ
411 1627 509 1711 μηνὸς
543 1635 724 1711 Ληναιῶνος
764 1627 924 1712 τριακάδι,
958 1626 1162 1710 Ἀρροδιίτης
1196 1631 1307 1690 Πυθο-

156 1729 307 1814 χρήστου,
331 1736 482 1815 δραχμιδν
505 1733 552 1817 ρλ’
577 1734 626 1794 κατ’
651 1731 779 1795 intortae
802 1731 834 1806 ε’,
861 1729 1056 1817 Ἀαολλισνιίμ
1080 1728 1306 1812 Ἀριοτομένου,

163 1833 313 1917 ἐγγυητής
337 1833 541 1898 Ἀπολλωνίου
570 1832 795 1917 Διονυσόδωρος
815 1830 1043 1917 Ἀριστομένου.

266 1963 473 2046 Cognationis
497 1965 652 2028 rationem
668 1964 812 2047 Rayetus
835 1964 897 2024 hoe
921 1968 1097 2025 stemmate
1116 1961 1306 2025 illustravit:

264 2090 481 2175 Μητρόδωρος
662 2141 666 2147 ,
971 2088 1202 2174 Διονυσόδωρος

258 2261 478 2348 Ἀριστομένης
974 2176 1184 2345 Ἀρισδαγόρη

388 2345 552 2428 L.-
1034 2344 1073 2426 ,1

459 2446 688 2534 Διονυσόδωρος
795 2445 1011 2524 Ἀπολλώνιος.

267 2597 410 2680 Rayetus
445 2596 543 2677 igitur
577 2595 781 2678 Apollonium
816 2595 1028 2678 Dionysodori
1069 2618 1137 2659 esse
1171 2597 1301 2661 fratrem

167 2700 266 2763 isdem
298 2699 483 2782 parentibus
508 2705 613 2761 ortum
636 2698 816 2761 arbitratur.
868 2697 993 2762 Eodem
1025 2720 1099 2762 vere
1129 2701 1208 2782 iure,
1240 2722 1301 2785 quo

161 2804 378 2886 Apollonium,
411 2802 472 2865 hue
501 2801 618 2865 addere
645 2801 719 2864 lieet
760 2801 898 2866 eiusdem
924 2802 1141 2886 Dionysodori
1173 2803 1301 2866 fratrem

164 2907 353 2989 Dionysium
375 2905 476 2987 illum,
500 2905 589 2967 euius
613 2927 643 2968 v.
669 2908 730 2967 142
754 2907 872 2968 mentio
897 2906 947 2968 fit:
982 2904 1117 2986 Εἰρήνης
1141 2902 1183 2988 φ’,
1217 2903 1299 2968 ἐπώ-

163 3035 224 3072 νιον
246 3007 274 3084 ι’,
299 3006 455 3083 Διονύσιος
478 3005 703 3089 Ἀριστομένου,
731 3007 881 3094 ἐγγυητής
907 3006 1137 3090 Διονυσόδωρος
1166 3007 1301 3089 Ἀριστο·

166 3109 268 3190 μένου.
312 3111 375 3173 Sed
400 3117 432 3174 et
455 3111 663 3193 Apollonium
686 3115 717 3174 et
738 3109 929 3194 Dionysium
953 3131 993 3173 ex
1018 3113 1079 3173 alia
1103 3124 1213 3192 matre,
1236 3133 1298 3173 non

165 3235 206 3278 ex
221 3215 410 3295 Aristagora
434 3235 503 3276 esse
525 3219 617 3276 natos
638 3213 713 3275 inde
729 3219 827 3298 patet,
852 3212 937 3297 quod
954 3215 1041 3276 solus
1058 3213 1302 3297 Dionysodorus

164 3318 258 3380 matri
284 3337 360 3379 suae
383 3315 511 3380 coheres
536 3324 584 3379 est
608 3317 736 3399 verique
760 3316 887 3379 ridetur
911 3317 1155 3380 dissimillimum
1180 3322 1301 3399 patrem

167 3418 302 3482 familias
326 3419 406 3482 duos
431 3419 510 3482 filios
543 3441 584 3482 ex
617 3419 739 3497 eadem,
772 3425 868 3502 atque
900 3419 1167 3502 Dionysodorum,
1199 3426 1301 3482 matre

166 3529 256 3585 natos
291 3523 331 3584 ab
362 3522 539 3585 hereditate
573 3522 757 3586 exclusisse.
813 3523 957 3595 Quorum
992 3523 1083 3586 alteri
1114 3524 1301 3606 Aristagora

165 3645 238 3687 eum
269 3624 490 3710 Dionysodoro
523 3625 587 3688 filie
618 3647 659 3688 ex
694 3627 836 3708 coniugis
868 3632 1057 3690 testamento
1091 3627 1303 3690 sacerdotium

163 3725 345 3811 Ἀφροδίτης
373 3727 603 3811 Πυθοχρήστου
627 3728 719 3808 cedit,
748 3730 829 3792 aiter
852 3731 910 3793 sibi
933 3731 1001 3813 ipse
1025 3730 1109 3792 haud
1133 3731 1178 3792 ita
1200 3732 1301 3794 multo

167 3837 240 3895 ante
265 3830 403 3914 Εἰρήνης
427 3832 502 3894 emit
519 3833 748 3900 ,sacerdotium
794 3835 901 3916 Atque
923 3835 1049 3916 utrique
1077 3833 1166 3896 fratri
1188 3834 1303 3896 vadem

165 3955 198 3995 se
224 3934 310 3997 dedit
333 3934 603 4018 Dionysodorus¹.

269 4063 410 4128 Uxorem
444 4084 519 4127 vero
556 4071 683 4147 praeter
721 4065 818 4127 filium
858 4066 975 4128 institui
1014 4086 1108 4149 posse
1150 4066 1303 4131 heredem

166 4188 356 4251 quamquam
391 4169 432 4231 ab
464 4154 707 4231 Atheniensium
740 4169 868 4253 quidem
903 4168 1027 4251 iegibus
1063 4169 1200 4232 alienum
1232 4169 1303 4251 fuir,

170 4271 333 4335 civitatum
351 4271 543 4334 Asianorum
568 4273 655 4355 leges
671 4272 770 4335 multo
787 4273 909 4334 maiora
924 4273 1074 4336 tribuisse
1091 4273 1159 4334 iura
1177 4271 1303 4335 feminis

273 4497 281 4530 ¹
301 4495 402 4546 Eadem
422 4493 492 4545 ratio
513 4499 553 4544 est
573 4511 597 4544 v.
611 4492 653 4544 89.
673 4493 738 4554 130;
758 4500 835 4560 pater
854 4493 912 4559 ipse
931 4510 980 4559 pro
1000 4493 1055 4545 filio
1076 4491 1192 4562 spondet
1208 4509 1231 4545 v.
1247 4492 1302 4548 105.
