<?xml version="1.0" encoding="UTF-8"?>
<!DOCTYPE html PUBLIC "-//W3C//DTD XHTML 1.0 Transitional//EN"
    "http://www.w3.org/TR/xhtml1/DTD/xhtml1-transitional.dtd">
<html xmlns="http://www.w3.org/1999/xhtml" xml:lang="en" lang="en">
 <head>
  <title>
</title>
<meta http-equiv="Content-Type" content="text/html;charset=utf-8" />
  <meta name='ocr-system' content='tesseract 3.04.00' />
  <meta name='ocr-capabilities' content='ocr_page ocr_carea ocr_par ocr_line ocrx_word'/>
</head>
<body>
  <div class='ocr_page' id='page_1' title='image "./desacerdotiiapu00herbgoog_0010.png"; bbox 0 0 3180 5174; ppageno 0'>
   <div class='ocr_carea' id='block_1_1' title="bbox 294 405 878 567">
    <p class='ocr_par' dir='ltr' id='par_1_1' title="bbox 294 405 878 567">
     <span class='ocr_line' id='line_1_1' title="bbox 294 405 878 567; baseline -0.005 3"><span class='ocrx_word' id='word_1_1' title='bbox 294 483 313 544; x_wconf 72' lang='grc' dir='ltr'><em>ι</em></span> <span class='ocrx_word' id='word_1_2' title='bbox 769 405 878 567; x_wconf 74' lang='grc' dir='ltr'>ιιι</span> 
     </span>
    </p>
   </div>
   <div class='ocr_carea' id='block_1_2' title="bbox 247 675 1424 3871">
    <p class='ocr_par' dir='ltr' id='par_1_2' title="bbox 292 675 1422 1072">
     <span class='ocr_line' id='line_1_2' title="bbox 292 675 1422 763; baseline 0.007 -23"><span class='ocrx_word' id='word_1_3' title='bbox 292 676 546 763; x_wconf 77' lang='lat' dir='ltr'>inscriptionibus</span> <span class='ocrx_word' id='word_1_4' title='bbox 570 675 755 761; x_wconf 89' lang='lat' dir='ltr'>quibusdam</span> <span class='ocrx_word' id='word_1_5' title='bbox 786 683 1072 741; x_wconf 77' lang='lat' dir='ltr'>commemorantur</span> <span class='ocrx_word' id='word_1_6' title='bbox 1102 698 1204 763; x_wconf 89' lang='lat' dir='ltr'>noque</span> <span class='ocrx_word' id='word_1_7' title='bbox 1229 679 1422 748; x_wconf 89' lang='lat' dir='ltr'>Pausaniael</span> 
     </span>
     <span class='ocr_line' id='line_1_3' title="bbox 293 779 1422 870; baseline 0.007 -25"><span class='ocrx_word' id='word_1_8' title='bbox 293 783 402 866; x_wconf 87' lang='lat' dir='ltr'>ignota</span> <span class='ocrx_word' id='word_1_9' title='bbox 432 781 578 844; x_wconf 86' lang='lat' dir='ltr'>ridentur</span> <span class='ocrx_word' id='word_1_10' title='bbox 600 779 705 845; x_wconf 82' lang='lat' dir='ltr'>luisse.</span> <span class='ocrx_word' id='word_1_11' title='bbox 752 783 905 845; x_wconf 81' lang='lat' dir='ltr'>Attamen</span> <span class='ocrx_word' id='word_1_12' title='bbox 940 802 1011 844; x_wconf 90' lang='lat' dir='ltr'>cum</span> <span class='ocrx_word' id='word_1_13' title='bbox 1044 782 1214 847; x_wconf 87' lang='lat' dir='ltr'>admodum</span> <span class='ocrx_word' id='word_1_14' title='bbox 1242 787 1359 870; x_wconf 83' lang='lat' dir='ltr'>exigua</span> <span class='ocrx_word' id='word_1_15' title='bbox 1382 793 1422 853; x_wconf 90' lang='lat' dir='ltr'>sit</span> 
     </span>
     <span class='ocr_line' id='line_1_4' title="bbox 292 885 1422 978; baseline 0.007 -29"><span class='ocrx_word' id='word_1_16' title='bbox 292 886 455 966; x_wconf 89' lang='lat' dir='ltr'>memoria,</span> <span class='ocrx_word' id='word_1_17' title='bbox 485 885 569 948; x_wconf 88' lang='lat' dir='ltr'>hunc</span> <span class='ocrx_word' id='word_1_18' title='bbox 592 885 769 949; x_wconf 80' lang='lat' dir='ltr'>sacerdotes</span> <span class='ocrx_word' id='word_1_19' title='bbox 793 887 1009 949; x_wconf 90' lang='lat' dir='ltr'>constituendi</span> <span class='ocrx_word' id='word_1_20' title='bbox 1033 888 1161 951; x_wconf 91' lang='lat' dir='ltr'>modum</span> <span class='ocrx_word' id='word_1_21' title='bbox 1184 889 1288 954; x_wconf 89' lang='lat' dir='ltr'>minus</span> <span class='ocrx_word' id='word_1_22' title='bbox 1311 915 1422 978; x_wconf 88' lang='lat' dir='ltr'>propa-</span> 
     </span>
     <span class='ocr_line' id='line_1_5' title="bbox 293 989 695 1072; baseline -0.007 -19"><span class='ocrx_word' id='word_1_23' title='bbox 293 997 401 1072; x_wconf 85' lang='lat' dir='ltr'>gatum</span> <span class='ocrx_word' id='word_1_24' title='bbox 425 989 523 1052; x_wconf 85' lang='lat' dir='ltr'>fuisse</span> <span class='ocrx_word' id='word_1_25' title='bbox 544 989 695 1072; x_wconf 88' lang='lat' dir='ltr'>suspicor.</span> 
     </span>
    </p>

    <p class='ocr_par' dir='ltr' id='par_1_3' title="bbox 292 1091 1423 2632">
     <span class='ocr_line' id='line_1_6' title="bbox 394 1091 1418 1183; baseline 0.01 -27"><span class='ocrx_word' id='word_1_26' title='bbox 394 1094 535 1156; x_wconf 91' lang='lat' dir='ltr'>Plurima</span> <span class='ocrx_word' id='word_1_27' title='bbox 560 1113 634 1156; x_wconf 91' lang='lat' dir='ltr'>vero</span> <span class='ocrx_word' id='word_1_28' title='bbox 660 1091 852 1156; x_wconf 81' lang='lat' dir='ltr'>Graecorum</span> <span class='ocrx_word' id='word_1_29' title='bbox 875 1094 1050 1158; x_wconf 87' lang='lat' dir='ltr'>sacerdotia</span> <span class='ocrx_word' id='word_1_30' title='bbox 1073 1097 1238 1162; x_wconf 90' lang='lat' dir='ltr'>sortitione</span> <span class='ocrx_word' id='word_1_31' title='bbox 1262 1105 1358 1183; x_wconf 90' lang='lat' dir='ltr'>atque</span> <span class='ocrx_word' id='word_1_32' title='bbox 1381 1123 1418 1166; x_wconf 88' lang='lat' dir='ltr'>ea</span> 
     </span>
     <span class='ocr_line' id='line_1_7' title="bbox 292 1197 1420 1282; baseline 0.006 -20"><span class='ocrx_word' id='word_1_33' title='bbox 292 1201 325 1262; x_wconf 89' lang='lat' dir='ltr'>in</span> <span class='ocrx_word' id='word_1_34' title='bbox 348 1199 487 1282; x_wconf 88' lang='lat' dir='ltr'>singulos</span> <span class='ocrx_word' id='word_1_35' title='bbox 511 1198 698 1280; x_wconf 90' lang='lat' dir='ltr'>plerumque</span> <span class='ocrx_word' id='word_1_36' title='bbox 727 1218 824 1262; x_wconf 91' lang='lat' dir='ltr'>annos</span> <span class='ocrx_word' id='word_1_37' title='bbox 847 1197 997 1261; x_wconf 89' lang='lat' dir='ltr'>mandata</span> <span class='ocrx_word' id='word_1_38' title='bbox 1021 1220 1090 1262; x_wconf 91' lang='lat' dir='ltr'>esse</span> <span class='ocrx_word' id='word_1_39' title='bbox 1121 1200 1204 1264; x_wconf 93' lang='lat' dir='ltr'>haud</span> <span class='ocrx_word' id='word_1_40' title='bbox 1228 1203 1342 1267; x_wconf 89' lang='lat' dir='ltr'>mirum</span> <span class='ocrx_word' id='word_1_41' title='bbox 1365 1212 1420 1270; x_wconf 83' lang='lat' dir='ltr'>est.</span> 
     </span>
     <span class='ocr_line' id='line_1_8' title="bbox 293 1301 1419 1394; baseline 0.006 -29"><span class='ocrx_word' id='word_1_42' title='bbox 293 1302 375 1365; x_wconf 87' lang='lat' dir='ltr'>Nem</span> <span class='ocrx_word' id='word_1_43' title='bbox 398 1301 457 1364; x_wconf 90' lang='lat' dir='ltr'>hac</span> <span class='ocrx_word' id='word_1_44' title='bbox 479 1303 549 1385; x_wconf 86' lang='lat' dir='ltr'>ipsa</span> <span class='ocrx_word' id='word_1_45' title='bbox 571 1303 692 1364; x_wconf 91' lang='lat' dir='ltr'>ratione</span> <span class='ocrx_word' id='word_1_46' title='bbox 716 1304 854 1366; x_wconf 88' lang='lat' dir='ltr'>maxime</span> <span class='ocrx_word' id='word_1_47' title='bbox 876 1304 1015 1385; x_wconf 87' lang='lat' dir='ltr'>permitti</span> <span class='ocrx_word' id='word_1_48' title='bbox 1032 1305 1209 1387; x_wconf 89' lang='lat' dir='ltr'>videbatur,</span> <span class='ocrx_word' id='word_1_49' title='bbox 1231 1314 1266 1370; x_wconf 90' lang='lat' dir='ltr'>nt</span> <span class='ocrx_word' id='word_1_50' title='bbox 1289 1307 1339 1371; x_wconf 90' lang='lat' dir='ltr'>dei</span> <span class='ocrx_word' id='word_1_51' title='bbox 1359 1311 1419 1394; x_wconf 88' lang='lat' dir='ltr'>ipsi</span> 
     </span>
     <span class='ocr_line' id='line_1_9' title="bbox 293 1405 1418 1494; baseline 0.005 -25"><span class='ocrx_word' id='word_1_52' title='bbox 293 1427 383 1490; x_wconf 91' lang='lat' dir='ltr'>quem</span> <span class='ocrx_word' id='word_1_53' title='bbox 407 1406 525 1469; x_wconf 89' lang='lat' dir='ltr'>vellent</span> <span class='ocrx_word' id='word_1_54' title='bbox 542 1405 738 1468; x_wconf 86' lang='lat' dir='ltr'>sacerdotem</span> <span class='ocrx_word' id='word_1_55' title='bbox 755 1406 1008 1472; x_wconf 80' lang='lat' dir='ltr'>constituerent.2</span> <span class='ocrx_word' id='word_1_56' title='bbox 1047 1411 1128 1479; x_wconf 84' lang='lat' dir='ltr'>Quin</span> <span class='ocrx_word' id='word_1_57' title='bbox 1155 1411 1249 1473; x_wconf 86' lang='lat' dir='ltr'>etiarn</span> <span class='ocrx_word' id='word_1_58' title='bbox 1264 1413 1296 1475; x_wconf 90' lang='lat' dir='ltr'>in</span> <span class='ocrx_word' id='word_1_59' title='bbox 1318 1415 1418 1494; x_wconf 92' lang='lat' dir='ltr'>genti·</span> 
     </span>
     <span class='ocr_line' id='line_1_10' title="bbox 292 1507 1418 1599; baseline 0.007 -28"><span class='ocrx_word' id='word_1_60' title='bbox 292 1510 370 1573; x_wconf 92' lang='lat' dir='ltr'>liciis</span> <span class='ocrx_word' id='word_1_61' title='bbox 387 1507 579 1589; x_wconf 84' lang='lat' dir='ltr'>sacerdotiis,</span> <span class='ocrx_word' id='word_1_62' title='bbox 602 1509 632 1570; x_wconf 91' lang='lat' dir='ltr'>in</span> <span class='ocrx_word' id='word_1_63' title='bbox 658 1509 769 1592; x_wconf 89' lang='lat' dir='ltr'>quibus</span> <span class='ocrx_word' id='word_1_64' title='bbox 793 1509 921 1592; x_wconf 90' lang='lat' dir='ltr'>quidem</span> <span class='ocrx_word' id='word_1_65' title='bbox 937 1511 1108 1574; x_wconf 90' lang='lat' dir='ltr'>maioribus</span> <span class='ocrx_word' id='word_1_66' title='bbox 1129 1521 1205 1574; x_wconf 89' lang='lat' dir='ltr'>natu</span> <span class='ocrx_word' id='word_1_67' title='bbox 1221 1515 1418 1599; x_wconf 88' lang='lat' dir='ltr'>privilegium</span> 
     </span>
     <span class='ocr_line' id='line_1_11' title="bbox 295 1613 1423 1702; baseline 0.006 -25"><span class='ocrx_word' id='word_1_68' title='bbox 295 1635 361 1677; x_wconf 92' lang='lat' dir='ltr'>non</span> <span class='ocrx_word' id='word_1_69' title='bbox 399 1619 497 1690; x_wconf 90' lang='lat' dir='ltr'>esset,</span> <span class='ocrx_word' id='word_1_70' title='bbox 536 1613 692 1676; x_wconf 90' lang='lat' dir='ltr'>sortitioni</span> <span class='ocrx_word' id='word_1_71' title='bbox 730 1613 818 1676; x_wconf 90' lang='lat' dir='ltr'>locus</span> <span class='ocrx_word' id='word_1_72' title='bbox 856 1636 927 1678; x_wconf 90' lang='lat' dir='ltr'>esse</span> <span class='ocrx_word' id='word_1_73' title='bbox 964 1614 1079 1696; x_wconf 88' lang='lat' dir='ltr'>potuit.</span> <span class='ocrx_word' id='word_1_74' title='bbox 1126 1614 1196 1688; x_wconf 82' lang='lat' dir='ltr'>Quo</span> <span class='ocrx_word' id='word_1_75' title='bbox 1232 1639 1273 1679; x_wconf 84' lang='lat' dir='ltr'>ex</span> <span class='ocrx_word' id='word_1_76' title='bbox 1306 1640 1423 1702; x_wconf 88' lang='lat' dir='ltr'>genere</span> 
     </span>
     <span class='ocr_line' id='line_1_12' title="bbox 292 1716 1422 1805; baseline 0.004 -24"><span class='ocrx_word' id='word_1_77' title='bbox 292 1716 492 1781; x_wconf 89' lang='lat' dir='ltr'>notissimum</span> <span class='ocrx_word' id='word_1_78' title='bbox 515 1722 570 1793; x_wconf 75' lang='lat' dir='ltr'>est,</span> <span class='ocrx_word' id='word_1_79' title='bbox 604 1716 688 1799; x_wconf 91' lang='lat' dir='ltr'>qnod</span> <span class='ocrx_word' id='word_1_80' title='bbox 716 1716 895 1801; x_wconf 87' lang='lat' dir='ltr'>eLycurgi</span> <span class='ocrx_word' id='word_1_81' title='bbox 927 1719 1061 1780; x_wconf 90' lang='lat' dir='ltr'>oratoris</span> <span class='ocrx_word' id='word_1_82' title='bbox 1090 1719 1156 1780; x_wconf 84' lang='lat' dir='ltr'>rita</span> <span class='ocrx_word' id='word_1_83' title='bbox 1186 1724 1422 1805; x_wconf 82' lang='lat' dir='ltr'>comperimus.3</span> 
     </span>
     <span class='ocr_line' id='line_1_13' title="bbox 294 1818 1420 1908; baseline 0.004 -24"><span class='ocrx_word' id='word_1_84' title='bbox 294 1820 372 1884; x_wconf 76' lang='lat' dir='ltr'>(lum</span> <span class='ocrx_word' id='word_1_85' title='bbox 398 1819 551 1882; x_wconf 87' lang='lat' dir='ltr'>electione</span> <span class='ocrx_word' id='word_1_86' title='bbox 575 1818 709 1902; x_wconf 89' lang='lat' dir='ltr'>denique</span> <span class='ocrx_word' id='word_1_87' title='bbox 732 1819 776 1880; x_wconf 92' lang='lat' dir='ltr'>ita</span> <span class='ocrx_word' id='word_1_88' title='bbox 800 1819 948 1902; x_wconf 91' lang='lat' dir='ltr'>coniungi</span> <span class='ocrx_word' id='word_1_89' title='bbox 971 1827 1079 1904; x_wconf 91' lang='lat' dir='ltr'>potest</span> <span class='ocrx_word' id='word_1_90' title='bbox 1101 1822 1230 1902; x_wconf 81' lang='lat' dir='ltr'>sortitio,</span> <span class='ocrx_word' id='word_1_91' title='bbox 1265 1832 1310 1905; x_wconf 87' lang='lat' dir='ltr'>ut,</span> <span class='ocrx_word' id='word_1_92' title='bbox 1343 1847 1420 1908; x_wconf 92' lang='lat' dir='ltr'>quos</span> 
     </span>
     <span class='ocr_line' id='line_1_14' title="bbox 293 1924 1420 2009; baseline 0.001 -20"><span class='ocrx_word' id='word_1_93' title='bbox 293 1926 435 2009; x_wconf 82' lang='lat' dir='ltr'>singulae</span> <span class='ocrx_word' id='word_1_94' title='bbox 473 1925 573 1987; x_wconf 89' lang='lat' dir='ltr'>tribus</span> <span class='ocrx_word' id='word_1_95' title='bbox 618 1924 774 2006; x_wconf 87' lang='lat' dir='ltr'>suffragiis</span> <span class='ocrx_word' id='word_1_96' title='bbox 818 1925 1012 2006; x_wconf 89' lang='lat' dir='ltr'>creaverint,</span> <span class='ocrx_word' id='word_1_97' title='bbox 1058 1925 1097 1988; x_wconf 90' lang='lat' dir='ltr'>ad</span> <span class='ocrx_word' id='word_1_98' title='bbox 1143 1946 1197 1988; x_wconf 91' lang='lat' dir='ltr'>eos</span> <span class='ocrx_word' id='word_1_99' title='bbox 1245 1927 1420 1990; x_wconf 90' lang='lat' dir='ltr'>sacerdotia</span> 
     </span>
     <span class='ocr_line' id='line_1_15' title="bbox 293 2026 1420 2110; baseline -0.001 -17"><span class='ocrx_word' id='word_1_100' title='bbox 293 2038 378 2093; x_wconf 90' lang='lat' dir='ltr'>sorte</span> <span class='ocrx_word' id='word_1_101' title='bbox 419 2034 591 2091; x_wconf 89' lang='lat' dir='ltr'>transeant.</span> <span class='ocrx_word' id='word_1_102' title='bbox 647 2026 735 2089; x_wconf 87' lang='lat' dir='ltr'>Haeo</span> <span class='ocrx_word' id='word_1_103' title='bbox 776 2026 843 2090; x_wconf 86' lang='lat' dir='ltr'>lere</span> <span class='ocrx_word' id='word_1_104' title='bbox 882 2034 963 2099; x_wconf 87' lang='lat' dir='ltr'>sunt,</span> <span class='ocrx_word' id='word_1_105' title='bbox 1006 2049 1087 2110; x_wconf 87' lang='lat' dir='ltr'>quae</span> <span class='ocrx_word' id='word_1_106' title='bbox 1129 2027 1168 2091; x_wconf 91' lang='lat' dir='ltr'>de</span> <span class='ocrx_word' id='word_1_107' title='bbox 1209 2029 1420 2092; x_wconf 89' lang='lat' dir='ltr'>constituendi</span> 
     </span>
     <span class='ocr_line' id='line_1_16' title="bbox 293 2130 1421 2214; baseline -0.004 -16"><span class='ocrx_word' id='word_1_108' title='bbox 293 2132 472 2198; x_wconf 85' lang='lat' dir='ltr'>sacerdotes</span> <span class='ocrx_word' id='word_1_109' title='bbox 503 2130 675 2193; x_wconf 87' lang='lat' dir='ltr'>rationibus</span> <span class='ocrx_word' id='word_1_110' title='bbox 709 2135 794 2193; x_wconf 87' lang='lat' dir='ltr'>certo</span> <span class='ocrx_word' id='word_1_111' title='bbox 822 2132 900 2193; x_wconf 89' lang='lat' dir='ltr'>scire</span> <span class='ocrx_word' id='word_1_112' title='bbox 925 2130 1076 2193; x_wconf 85' lang='lat' dir='ltr'>ridemur.</span> <span class='ocrx_word' id='word_1_113' title='bbox 1123 2130 1246 2203; x_wconf 84' lang='lat' dir='ltr'>Quibus</span> <span class='ocrx_word' id='word_1_114' title='bbox 1279 2152 1421 2214; x_wconf 87' lang='lat' dir='ltr'>perscru-</span> 
     </span>
     <span class='ocr_line' id='line_1_17' title="bbox 294 2233 1419 2318; baseline -0.002 -17"><span class='ocrx_word' id='word_1_115' title='bbox 294 2237 397 2301; x_wconf 90' lang='lat' dir='ltr'>tandis</span> <span class='ocrx_word' id='word_1_116' title='bbox 421 2236 561 2318; x_wconf 88' lang='lat' dir='ltr'>quamvis</span> <span class='ocrx_word' id='word_1_117' title='bbox 578 2256 708 2318; x_wconf 83' lang='lat' dir='ltr'>operam</span> <span class='ocrx_word' id='word_1_118' title='bbox 724 2234 867 2298; x_wconf 88' lang='lat' dir='ltr'>dederint</span> <span class='ocrx_word' id='word_1_119' title='bbox 884 2234 1026 2297; x_wconf 90' lang='lat' dir='ltr'>homines</span> <span class='ocrx_word' id='word_1_120' title='bbox 1051 2233 1145 2314; x_wconf 89' lang='lat' dir='ltr'>docti,</span> <span class='ocrx_word' id='word_1_121' title='bbox 1170 2242 1276 2306; x_wconf 89' lang='lat' dir='ltr'>tamen</span> <span class='ocrx_word' id='word_1_122' title='bbox 1292 2243 1419 2318; x_wconf 89' lang='lat' dir='ltr'>praeter</span> 
     </span>
     <span class='ocr_line' id='line_1_18' title="bbox 293 2331 1421 2422; baseline -0.001 -19"><span class='ocrx_word' id='word_1_123' title='bbox 293 2342 381 2403; x_wconf 89' lang='lat' dir='ltr'>locos</span> <span class='ocrx_word' id='word_1_124' title='bbox 406 2339 599 2418; x_wconf 83' lang='lat' dir='ltr'>Platonicos,</span> <span class='ocrx_word' id='word_1_125' title='bbox 625 2331 708 2401; x_wconf 91' lang='lat' dir='ltr'>unde</span> <span class='ocrx_word' id='word_1_126' title='bbox 731 2338 866 2422; x_wconf 90' lang='lat' dir='ltr'>plurima</span> <span class='ocrx_word' id='word_1_127' title='bbox 881 2350 1069 2422; x_wconf 86' lang='lat' dir='ltr'>argumenta</span> <span class='ocrx_word' id='word_1_128' title='bbox 1086 2337 1150 2400; x_wconf 87' lang='lat' dir='ltr'>erui</span> <span class='ocrx_word' id='word_1_129' title='bbox 1174 2338 1286 2419; x_wconf 88' lang='lat' dir='ltr'>solent,</span> <span class='ocrx_word' id='word_1_130' title='bbox 1312 2359 1421 2402; x_wconf 88' lang='lat' dir='ltr'>omnes</span> 
     </span>
     <span class='ocr_line' id='line_1_19' title="bbox 293 2440 1421 2529; baseline 0 -23"><span class='ocrx_word' id='word_1_131' title='bbox 293 2445 346 2529; x_wconf 90' lang='lat' dir='ltr'>qui</span> <span class='ocrx_word' id='word_1_132' title='bbox 380 2445 439 2507; x_wconf 90' lang='lat' dir='ltr'>hue</span> <span class='ocrx_word' id='word_1_133' title='bbox 470 2444 629 2528; x_wconf 90' lang='lat' dir='ltr'>pertinent</span> <span class='ocrx_word' id='word_1_134' title='bbox 663 2443 746 2505; x_wconf 91' lang='lat' dir='ltr'>tituli</span> <span class='ocrx_word' id='word_1_135' title='bbox 780 2441 986 2524; x_wconf 84' lang='lat' dir='ltr'>indagentur,</span> <span class='ocrx_word' id='word_1_136' title='bbox 1023 2440 1165 2524; x_wconf 88' lang='lat' dir='ltr'>indagati</span> <span class='ocrx_word' id='word_1_137' title='bbox 1200 2443 1421 2506; x_wconf 84' lang='lat' dir='ltr'>examinentur</span> 
     </span>
     <span class='ocr_line' id='line_1_20' title="bbox 294 2548 446 2632; baseline 0.007 -22"><span class='ocrx_word' id='word_1_138' title='bbox 294 2548 446 2632; x_wconf 49' lang='lat' dir='ltr'>oportet}</span> 
     </span>
    </p>

    <p class='ocr_par' dir='ltr' id='par_1_4' title="bbox 247 2648 1424 3871">
     <span class='ocr_line' id='line_1_21' title="bbox 395 2648 1422 2733; baseline -0.002 -19"><span class='ocrx_word' id='word_1_139' title='bbox 395 2650 520 2714; x_wconf 86' lang='lat' dir='ltr'>Novum</span> <span class='ocrx_word' id='word_1_140' title='bbox 544 2671 619 2715; x_wconf 88' lang='lat' dir='ltr'>vero</span> <span class='ocrx_word' id='word_1_141' title='bbox 643 2657 739 2732; x_wconf 90' lang='lat' dir='ltr'>atque</span> <span class='ocrx_word' id='word_1_142' title='bbox 759 2648 825 2712; x_wconf 88' lang='lat' dir='ltr'>fere</span> <span class='ocrx_word' id='word_1_143' title='bbox 841 2648 1016 2712; x_wconf 90' lang='lat' dir='ltr'>inauditum</span> <span class='ocrx_word' id='word_1_144' title='bbox 1033 2670 1124 2712; x_wconf 89' lang='lat' dir='ltr'>usum</span> <span class='ocrx_word' id='word_1_145' title='bbox 1143 2649 1316 2733; x_wconf 88' lang='lat' dir='ltr'>Dionysius</span> <span class='ocrx_word' id='word_1_146' title='bbox 1333 2648 1422 2712; x_wconf 87' lang='lat' dir='ltr'>Hali·</span> 
     </span>
     <span class='ocr_line' id='line_1_22' title="bbox 297 2751 1422 2838; baseline -0.004 -18"><span class='ocrx_word' id='word_1_147' title='bbox 297 2757 512 2820; x_wconf 88' lang='lat' dir='ltr'>carnassensis</span> <span class='ocrx_word' id='word_1_148' title='bbox 535 2756 566 2817; x_wconf 89' lang='lat' dir='ltr'>in</span> <span class='ocrx_word' id='word_1_149' title='bbox 591 2754 675 2816; x_wconf 89' lang='lat' dir='ltr'>arch.</span> <span class='ocrx_word' id='word_1_150' title='bbox 695 2753 789 2816; x_wconf 87' lang='lat' dir='ltr'>Rom.</span> <span class='ocrx_word' id='word_1_151' title='bbox 806 2752 840 2814; x_wconf 89' lang='grc' dir='ltr'>ΙΙ</span> <span class='ocrx_word' id='word_1_152' title='bbox 863 2755 900 2815; x_wconf 80' lang='lat'>21</span> <span class='ocrx_word' id='word_1_153' title='bbox 916 2752 1026 2815; x_wconf 91' lang='lat' dir='ltr'>tradit:</span> <span class='ocrx_word' id='word_1_154' title='bbox 1069 2757 1131 2814; x_wconf 73' lang='lat' dir='ltr'>Tei</span> <span class='ocrx_word' id='word_1_155' title='bbox 1139 2779 1155 2814; x_wconf 99' lang='grc' dir='ltr'><em>ν</em></span> <span class='ocrx_word' id='word_1_156' title='bbox 1178 2759 1306 2815; x_wconf 83' lang='grc' dir='ltr'><em>ἄλλων</em></span> <span class='ocrx_word' id='word_1_157' title='bbox 1329 2751 1422 2838; x_wconf 80' lang='grc' dir='ltr'><em>φαύ-</em></span> 
     </span>
     <span class='ocr_line' id='line_1_23' title="bbox 292 2853 1421 2936; baseline -0.004 -14"><span class='ocrx_word' id='word_1_158' title='bbox 292 2865 364 2935; x_wconf 83' lang='grc' dir='ltr'>λως</span> <span class='ocrx_word' id='word_1_159' title='bbox 387 2884 461 2936; x_wconf 90' lang='grc' dir='ltr'><em>πως</em></span> <span class='ocrx_word' id='word_1_160' title='bbox 484 2864 547 2922; x_wconf 79' lang='grc' dir='ltr'>καὶ</span> <span class='ocrx_word' id='word_1_161' title='bbox 569 2854 865 2934; x_wconf 78' lang='grc' dir='ltr'><em>ἀπερισκέπτως</em></span> <span class='ocrx_word' id='word_1_162' title='bbox 888 2854 935 2930; x_wconf 85' lang='grc' dir='ltr'>ως</span> <span class='ocrx_word' id='word_1_163' title='bbox 965 2853 1030 2918; x_wconf 70' lang='grc' dir='ltr'><em>ἐπὶ</em></span> <span class='ocrx_word' id='word_1_164' title='bbox 1056 2853 1151 2918; x_wconf 82' lang='grc' dir='ltr'><em>πολύ</em></span> <span class='ocrx_word' id='word_1_165' title='bbox 1175 2855 1421 2936; x_wconf 77' lang='grc' dir='ltr'><em>ποιουμένων</em></span> 
     </span>
     <span class='ocr_line' id='line_1_24' title="bbox 291 2957 1423 3043; baseline -0.001 -19"><span class='ocrx_word' id='word_1_166' title='bbox 291 2960 359 3037; x_wconf 86' lang='grc' dir='ltr'><em>τοὶς</em></span> <span class='ocrx_word' id='word_1_167' title='bbox 381 2960 558 3043; x_wconf 78' lang='grc' dir='ltr'><strong><em>αἱρέσεις</em></strong></span> <span class='ocrx_word' id='word_1_168' title='bbox 581 2957 1246 3042; x_wconf 74' lang='grc' dir='ltr'><em>τῶνἐπιστησομένωντοῖςὶεροῖς,</em></span> <span class='ocrx_word' id='word_1_169' title='bbox 1269 2962 1423 3024; x_wconf 77' lang='grc' dir='ltr'><em>καὶτῶν</em></span> 
     </span>
     <span class='ocr_line' id='line_1_25' title="bbox 290 3061 1424 3146; baseline -0.001 -18"><span class='ocrx_word' id='word_1_170' title='bbox 290 3065 360 3145; x_wconf 77' lang='grc' dir='ltr'><em>μὲν</em></span> <span class='ocrx_word' id='word_1_171' title='bbox 393 3063 582 3146; x_wconf 72' lang='grc' dir='ltr'><em>ἀργυρίου</em></span> <span class='ocrx_word' id='word_1_172' title='bbox 616 3061 656 3126; x_wconf 80' lang='grc' dir='ltr'>τὸ</span> <span class='ocrx_word' id='word_1_173' title='bbox 690 3064 820 3139; x_wconf 80' lang='grc' dir='ltr'><em>τίμιον</em></span> <span class='ocrx_word' id='word_1_174' title='bbox 857 3061 1076 3136; x_wconf 74' lang='grc' dir='ltr'><em>ἀξιούντων</em></span> <span class='ocrx_word' id='word_1_175' title='bbox 1113 3061 1424 3145; x_wconf 82' lang='grc' dir='ltr'><em>ἀποκηρύττειν,</em></span> 
     </span>
     <span class='ocr_line' id='line_1_26' title="bbox 291 3163 1423 3254; baseline 0 -24"><span class='ocrx_word' id='word_1_176' title='bbox 291 3174 365 3230; x_wconf 82' lang='grc' dir='ltr'><em>τιῦν</em></span> <span class='ocrx_word' id='word_1_177' title='bbox 400 3168 441 3230; x_wconf 72' lang='grc' dir='ltr'>δὲ</span> <span class='ocrx_word' id='word_1_178' title='bbox 476 3165 605 3254; x_wconf 79' lang='grc' dir='ltr'><em>κλήρην</em></span> <span class='ocrx_word' id='word_1_179' title='bbox 639 3165 899 3246; x_wconf 66' lang='grc' dir='ltr'><em>διαιρούντων</em></span> <span class='ocrx_word' id='word_1_180' title='bbox 938 3163 1042 3246; x_wconf 83' lang='grc' dir='ltr'><em>[τούς</em></span> <span class='ocrx_word' id='word_1_181' title='bbox 1079 3164 1231 3248; x_wconf 64' lang='grc' dir='ltr'>ἱερεῖς],</span> <span class='ocrx_word' id='word_1_182' title='bbox 1269 3165 1423 3243; x_wconf 63' lang='grc' dir='ltr'><em>ἐκεῖνος</em></span> 
     </span>
     <span class='ocr_line' id='line_1_27' title="bbox 247 3267 1422 3354; baseline -0.003 -18"><span class='ocrx_word' id='word_1_183' title='bbox 247 3281 249 3286; x_wconf 78' lang='grc'>’</span> <span class='ocrx_word' id='word_1_184' title='bbox 292 3271 474 3353; x_wconf 81' lang='lat' dir='ltr'>(Romulus)</span> <span class='ocrx_word' id='word_1_185' title='bbox 497 3277 588 3334; x_wconf 80' lang='grc' dir='ltr'><em>οὔτε</em></span> <span class='ocrx_word' id='word_1_186' title='bbox 612 3269 766 3354; x_wconf 76' lang='grc' dir='ltr'><em>ὠνητοῖς</em></span> <span class='ocrx_word' id='word_1_187' title='bbox 792 3267 1015 3354; x_wconf 75' lang='grc' dir='ltr'><em>χρημάτων</em></span> <span class='ocrx_word' id='word_1_188' title='bbox 1038 3271 1201 3352; x_wconf 80' lang='grc' dir='ltr'><em>ἐποίησε</em></span> <span class='ocrx_word' id='word_1_189' title='bbox 1223 3269 1294 3346; x_wconf 75' lang='grc' dir='ltr'><em>τοῖς</em></span> <span class='ocrx_word' id='word_1_190' title='bbox 1317 3270 1422 3352; x_wconf 81' lang='grc' dir='ltr'><em>ἱερω-</em></span> 
     </span>
     <span class='ocr_line' id='line_1_28' title="bbox 247 3371 1421 3462; baseline -0.003 -22"><span class='ocrx_word' id='word_1_191' title='bbox 247 3399 249 3408; x_wconf 66' lang='lat'><strong><em>⁴</em></strong></span> <span class='ocrx_word' id='word_1_192' title='bbox 292 3377 407 3452; x_wconf 86' lang='grc' dir='ltr'><em>σύνας</em></span> <span class='ocrx_word' id='word_1_193' title='bbox 431 3381 517 3438; x_wconf 73' lang='grc' dir='ltr'><em>ούτι</em></span> <span class='ocrx_word' id='word_1_194' title='bbox 541 3371 669 3462; x_wconf 74' lang='grc' dir='ltr'><em>κλήρῳ</em></span> <span class='ocrx_word' id='word_1_195' title='bbox 692 3371 891 3454; x_wconf 84' lang='grc' dir='ltr'><em>μεριστάς.</em></span> <span class='ocrx_word' id='word_1_196' title='bbox 931 3373 1051 3444; x_wconf 84' lang='lat' dir='ltr'>Quibus</span> <span class='ocrx_word' id='word_1_197' title='bbox 1075 3373 1177 3436; x_wconf 85' lang='lat' dir='ltr'>verbis</span> <span class='ocrx_word' id='word_1_198' title='bbox 1201 3373 1254 3436; x_wconf 92' lang='lat' dir='ltr'>diu</span> <span class='ocrx_word' id='word_1_199' title='bbox 1270 3375 1421 3457; x_wconf 87' lang='lat' dir='ltr'>neglectis</span> 
     </span>
     <span class='ocr_line' id='line_1_29' title="bbox 292 3475 1420 3560; baseline -0.004 -16"><span class='ocrx_word' id='word_1_200' title='bbox 292 3483 348 3544; x_wconf 84' lang='lat' dir='ltr'>lux</span> <span class='ocrx_word' id='word_1_201' title='bbox 364 3480 459 3544; x_wconf 89' lang='lat' dir='ltr'>allata</span> <span class='ocrx_word' id='word_1_202' title='bbox 477 3484 524 3543; x_wconf 92' lang='lat' dir='ltr'>est</span> <span class='ocrx_word' id='word_1_203' title='bbox 539 3489 743 3541; x_wconf 89' lang='lat' dir='ltr'>monumento</span> <span class='ocrx_word' id='word_1_204' title='bbox 760 3478 813 3540; x_wconf 92' lang='lat' dir='ltr'>illo</span> <span class='ocrx_word' id='word_1_205' title='bbox 832 3475 1113 3556; x_wconf 89' lang='lat' dir='ltr'>Halicarnassensi,</span> <span class='ocrx_word' id='word_1_206' title='bbox 1134 3476 1219 3560; x_wconf 87' lang='lat' dir='ltr'>quod</span> <span class='ocrx_word' id='word_1_207' title='bbox 1236 3475 1420 3540; x_wconf 84' lang='lat' dir='ltr'>Boechhius</span> 
     </span>
     <span class='ocr_line' id='line_1_30' title="bbox 291 3580 1421 3668; baseline -0.003 -21"><span class='ocrx_word' id='word_1_208' title='bbox 291 3586 428 3668; x_wconf 90' lang='lat' dir='ltr'>primum</span> <span class='ocrx_word' id='word_1_209' title='bbox 466 3604 493 3646; x_wconf 83' lang='lat' dir='ltr'>a.</span> <span class='ocrx_word' id='word_1_210' title='bbox 534 3584 615 3644; x_wconf 88' lang='grc'><strong>1830</strong></span> <span class='ocrx_word' id='word_1_211' title='bbox 652 3580 770 3664; x_wconf 86' lang='lat' dir='ltr'>publici</span> <span class='ocrx_word' id='word_1_212' title='bbox 807 3580 881 3643; x_wconf 90' lang='lat' dir='ltr'>fecit</span> <span class='ocrx_word' id='word_1_213' title='bbox 917 3580 1010 3660; x_wconf 82' lang='lat' dir='ltr'>iuris3</span> <span class='ocrx_word' id='word_1_214' title='bbox 1055 3601 1156 3664; x_wconf 90' lang='lat' dir='ltr'>eoque</span> <span class='ocrx_word' id='word_1_215' title='bbox 1194 3600 1233 3643; x_wconf 83' lang='lat' dir='ltr'>ex</span> <span class='ocrx_word' id='word_1_216' title='bbox 1276 3585 1421 3665; x_wconf 89' lang='lat' dir='ltr'>tempore</span> 
     </span>
     <span class='ocr_line' id='line_1_31' title="bbox 291 3683 1422 3768; baseline -0.003 -18"><span class='ocrx_word' id='word_1_217' title='bbox 291 3688 461 3750; x_wconf 90' lang='lat' dir='ltr'>nonnullae</span> <span class='ocrx_word' id='word_1_218' title='bbox 484 3686 566 3748; x_wconf 86' lang='lat' dir='ltr'>aliae</span> <span class='ocrx_word' id='word_1_219' title='bbox 590 3684 811 3768; x_wconf 87' lang='lat' dir='ltr'>inscriptiones</span> <span class='ocrx_word' id='word_1_220' title='bbox 833 3683 1000 3764; x_wconf 86' lang='lat' dir='ltr'>indagatae</span> <span class='ocrx_word' id='word_1_221' title='bbox 1023 3689 1105 3764; x_wconf 86' lang='lat' dir='ltr'>sunt,</span> <span class='ocrx_word' id='word_1_222' title='bbox 1134 3684 1296 3766; x_wconf 87' lang='lat' dir='ltr'>equibus,</span> <span class='ocrx_word' id='word_1_223' title='bbox 1320 3685 1422 3768; x_wconf 88' lang='lat' dir='ltr'>qualis</span> 
     </span>
     <span class='ocr_line' id='line_1_32' title="bbox 291 3786 1422 3871; baseline -0.004 -17"><span class='ocrx_word' id='word_1_224' title='bbox 291 3791 388 3854; x_wconf 89' lang='lat' dir='ltr'>fuerit</span> <span class='ocrx_word' id='word_1_225' title='bbox 400 3789 567 3853; x_wconf 88' lang='lat' dir='ltr'>sacerdotii</span> <span class='ocrx_word' id='word_1_226' title='bbox 581 3789 698 3871; x_wconf 89' lang='lat' dir='ltr'>emptio</span> <span class='ocrx_word' id='word_1_227' title='bbox 711 3787 864 3868; x_wconf 90' lang='lat' dir='ltr'>venditio,</span> <span class='ocrx_word' id='word_1_228' title='bbox 876 3787 1001 3870; x_wconf 90' lang='lat' dir='ltr'>plenius</span> <span class='ocrx_word' id='word_1_229' title='bbox 1014 3786 1220 3868; x_wconf 88' lang='lat' dir='ltr'>intellegitur.</span> <span class='ocrx_word' id='word_1_230' title='bbox 1245 3788 1351 3871; x_wconf 86' lang='lat' dir='ltr'>Atque</span> <span class='ocrx_word' id='word_1_231' title='bbox 1365 3787 1422 3850; x_wconf 88' lang='lat' dir='ltr'>has</span> 
     </span>
    </p>
   </div>
   <div class='ocr_carea' id='block_1_3' title="bbox 289 3991 1423 4582">
    <p class='ocr_par' dir='ltr' id='par_1_5' title="bbox 394 3991 1209 4064">
     <span class='ocr_line' id='line_1_33' title="bbox 394 3991 1209 4064; baseline -0.006 -15"><span class='ocrx_word' id='word_1_232' title='bbox 394 4001 403 4033; x_wconf 90' lang='lat'>¹</span> <span class='ocrx_word' id='word_1_233' title='bbox 422 3997 456 4050; x_wconf 85' lang='lat' dir='ltr'>ef.</span> <span class='ocrx_word' id='word_1_234' title='bbox 475 3997 530 4049; x_wconf 81' lang='lat' dir='ltr'>VII</span> <span class='ocrx_word' id='word_1_235' title='bbox 548 3996 589 4058; x_wconf 75' lang='lat'>27,</span> <span class='ocrx_word' id='word_1_236' title='bbox 609 3997 638 4049; x_wconf 81' lang='lat' dir='ltr'>l:</span> <span class='ocrx_word' id='word_1_237' title='bbox 657 3993 721 4047; x_wconf 74' lang='grc' dir='ltr'>κατᾶ</span> <span class='ocrx_word' id='word_1_238' title='bbox 740 3991 817 4056; x_wconf 74' lang='grc' dir='ltr'><em>δόξαν</em></span> <span class='ocrx_word' id='word_1_239' title='bbox 834 4001 919 4064; x_wconf 81' lang='grc' dir='ltr'><em>γένους</em></span> <span class='ocrx_word' id='word_1_240' title='bbox 935 3993 1044 4062; x_wconf 74' lang='grc' dir='ltr'><em>μάλιστα</em></span> <span class='ocrx_word' id='word_1_241' title='bbox 1062 3996 1209 4064; x_wconf 73' lang='grc' dir='ltr'><em>αἱρούμενοι.</em></span> 
     </span>
    </p>

    <p class='ocr_par' dir='ltr' id='par_1_6' title="bbox 290 4076 1423 4416">
     <span class='ocr_line' id='line_1_34' title="bbox 394 4076 1420 4152; baseline -0.001 -16"><span class='ocrx_word' id='word_1_242' title='bbox 394 4090 404 4120; x_wconf 87' lang='lat'>&#39;·&#39;</span> <span class='ocrx_word' id='word_1_243' title='bbox 425 4085 460 4136; x_wconf 83' lang='lat' dir='ltr'>of.</span> <span class='ocrx_word' id='word_1_244' title='bbox 479 4086 549 4136; x_wconf 83' lang='lat' dir='ltr'>Plat.</span> <span class='ocrx_word' id='word_1_245' title='bbox 562 4085 615 4150; x_wconf 85' lang='lat' dir='ltr'>leg.</span> <span class='ocrx_word' id='word_1_246' title='bbox 629 4082 668 4133; x_wconf 85' lang='lat' dir='ltr'>VI</span> <span class='ocrx_word' id='word_1_247' title='bbox 681 4101 707 4149; x_wconf 85' lang='lat' dir='ltr'>p.</span> <span class='ocrx_word' id='word_1_248' title='bbox 719 4083 770 4135; x_wconf 77' lang='grc'>759</span> <span class='ocrx_word' id='word_1_249' title='bbox 783 4083 814 4133; x_wconf 78' lang='lat' dir='ltr'>C:</span> <span class='ocrx_word' id='word_1_250' title='bbox 834 4081 866 4134; x_wconf 79' lang='lat' dir='ltr'>ni</span> <span class='ocrx_word' id='word_1_251' title='bbox 877 4087 923 4150; x_wconf 70' lang='grc' dir='ltr'>μὲν</span> <span class='ocrx_word' id='word_1_252' title='bbox 935 4076 982 4134; x_wconf 72' lang='grc' dir='ltr'><em>οὖν</em></span> <span class='ocrx_word' id='word_1_253' title='bbox 994 4082 1043 4134; x_wconf 78' lang='grc' dir='ltr'><em>τῶν</em></span> <span class='ocrx_word' id='word_1_254' title='bbox 1056 4082 1123 4150; x_wconf 69' lang='lat' dir='ltr'>{spoia</span> <span class='ocrx_word' id='word_1_255' title='bbox 1135 4083 1170 4149; x_wconf 81' lang='grc' dir='ltr'>τῷ</span> <span class='ocrx_word' id='word_1_256' title='bbox 1183 4082 1235 4152; x_wconf 75' lang='grc' dir='ltr'>θεῷ</span> <span class='ocrx_word' id='word_1_257' title='bbox 1254 4083 1420 4152; x_wconf 68' lang='grc' dir='ltr'><em>ἐπιτρέποντα</em></span> 
     </span>
     <span class='ocr_line' id='line_1_35' title="bbox 291 4159 1254 4242; baseline -0.007 -17"><span class='ocrx_word' id='word_1_258' title='bbox 291 4171 360 4242; x_wconf 76' lang='grc' dir='ltr'><em>αύτῷ</em></span> <span class='ocrx_word' id='word_1_259' title='bbox 379 4171 408 4224; x_wconf 84' lang='grc' dir='ltr'>τύ</span> <span class='ocrx_word' id='word_1_260' title='bbox 427 4159 598 4240; x_wconf 72' lang='grc' dir='ltr'><em>κεχαρισμένον</em></span> <span class='ocrx_word' id='word_1_261' title='bbox 615 4177 740 4239; x_wconf 75' lang='grc' dir='ltr'><em>γίγνεσθαι</em></span> <span class='ocrx_word' id='word_1_262' title='bbox 757 4169 859 4234; x_wconf 70' lang='grc' dir='ltr'><em>κληροῦν</em></span> <span class='ocrx_word' id='word_1_263' title='bbox 876 4169 908 4233; x_wconf 73' lang='grc' dir='ltr'>τῇ</span> <span class='ocrx_word' id='word_1_264' title='bbox 927 4175 983 4237; x_wconf 71' lang='grc' dir='ltr'>θείᾳ</span> <span class='ocrx_word' id='word_1_265' title='bbox 1002 4165 1066 4237; x_wconf 79' lang='grc' dir='ltr'><em>τύχη</em></span> <span class='ocrx_word' id='word_1_266' title='bbox 1084 4166 1254 4220; x_wconf 72' lang='grc' dir='ltr'><em>ἇποιῖιδύντα,</em></span> 
     </span>
     <span class='ocr_line' id='line_1_36' title="bbox 303 4253 1423 4324; baseline -0.002 -16"><span class='ocrx_word' id='word_1_267' title='bbox 303 4305 305 4312; x_wconf 92' lang='grc'>,</span> <span class='ocrx_word' id='word_1_268' title='bbox 393 4257 454 4308; x_wconf 76' lang='lat' dir='ltr'>³cf.</span> <span class='ocrx_word' id='word_1_269' title='bbox 473 4253 542 4309; x_wconf 78' lang='lat' dir='ltr'>Vltl.</span> <span class='ocrx_word' id='word_1_270' title='bbox 562 4255 588 4307; x_wconf 83' lang='lat' dir='ltr'>X</span> <span class='ocrx_word' id='word_1_271' title='bbox 607 4261 689 4307; x_wconf 74' lang='lat' dir='ltr'>orati.</span> <span class='ocrx_word' id='word_1_272' title='bbox 717 4273 741 4320; x_wconf 86' lang='lat' dir='ltr'>p.</span> <span class='ocrx_word' id='word_1_273' title='bbox 768 4255 819 4309; x_wconf 83' lang='grc'>843</span> <span class='ocrx_word' id='word_1_274' title='bbox 838 4254 875 4305; x_wconf 77' lang='lat' dir='ltr'>F:</span> <span class='ocrx_word' id='word_1_275' title='bbox 902 4254 984 4324; x_wconf 71' lang='grc' dir='ltr'><em>λαχών</em></span> <span class='ocrx_word' id='word_1_276' title='bbox 1002 4261 1028 4306; x_wconf 70' lang='grc' dir='ltr'>ἐκ</span> <span class='ocrx_word' id='word_1_277' title='bbox 1046 4255 1094 4306; x_wconf 72' lang='grc' dir='ltr'>τοῦ</span> <span class='ocrx_word' id='word_1_278' title='bbox 1119 4261 1207 4324; x_wconf 72' lang='grc' dir='ltr'><em>γένους</em></span> <span class='ocrx_word' id='word_1_279' title='bbox 1224 4253 1271 4320; x_wconf 77' lang='grc' dir='ltr'><em>την</em></span> <span class='ocrx_word' id='word_1_280' title='bbox 1298 4255 1423 4321; x_wconf 68' lang='grc' dir='ltr'><em>ἱερωσύνην</em></span> 
     </span>
     <span class='ocr_line' id='line_1_37' title="bbox 290 4342 708 4416; baseline -0.01 -18"><span class='ocrx_word' id='word_1_281' title='bbox 290 4351 329 4398; x_wconf 64' lang='grc' dir='ltr'>καὶ</span> <span class='ocrx_word' id='word_1_282' title='bbox 349 4342 528 4416; x_wconf 71' lang='grc' dir='ltr'><em>παραχωρήσας</em></span> <span class='ocrx_word' id='word_1_283' title='bbox 545 4344 582 4413; x_wconf 79' lang='grc' dir='ltr'>τῷ</span> <span class='ocrx_word' id='word_1_284' title='bbox 600 4343 708 4412; x_wconf 53' lang='lat' dir='ltr'>oidelae.</span> 
     </span>
    </p>

    <p class='ocr_par' dir='ltr' id='par_1_7' title="bbox 289 4424 1422 4582">
     <span class='ocr_line' id='line_1_38' title="bbox 392 4424 1422 4494; baseline -0.005 -12"><span class='ocrx_word' id='word_1_285' title='bbox 392 4431 404 4466; x_wconf 80' lang='lat'><strong>⁴</strong></span> <span class='ocrx_word' id='word_1_286' title='bbox 422 4432 461 4482; x_wconf 90' lang='lat' dir='ltr'>De</span> <span class='ocrx_word' id='word_1_287' title='bbox 472 4430 677 4480; x_wconf 84' lang='lat' dir='ltr'>Atheniensium</span> <span class='ocrx_word' id='word_1_288' title='bbox 694 4429 855 4480; x_wconf 85' lang='lat' dir='ltr'>sacerdotiis</span> <span class='ocrx_word' id='word_1_289' title='bbox 873 4427 974 4493; x_wconf 88' lang='lat' dir='ltr'>optime</span> <span class='ocrx_word' id='word_1_290' title='bbox 993 4426 1049 4494; x_wconf 88' lang='lat' dir='ltr'>egit</span> <span class='ocrx_word' id='word_1_291' title='bbox 1063 4425 1170 4476; x_wconf 82' lang='lat' dir='ltr'>Martha</span> <span class='ocrx_word' id='word_1_292' title='bbox 1190 4426 1247 4490; x_wconf 86' lang='lat' dir='ltr'>,les</span> <span class='ocrx_word' id='word_1_293' title='bbox 1260 4424 1422 4477; x_wconf 78' lang='lat' dir='ltr'>sacer-doces</span> 
     </span>
     <span class='ocr_line' id='line_1_39' title="bbox 289 4512 1414 4582; baseline -0.008 -12"><span class='ocrx_word' id='word_1_294' title='bbox 289 4514 456 4570; x_wconf 51' lang='lat' dir='ltr'>Atheniens</span> <span class='ocrx_word' id='word_1_295' title='bbox 478 4514 577 4582; x_wconf 88' lang='lat' dir='ltr'>(Paris.</span> <span class='ocrx_word' id='word_1_296' title='bbox 598 4512 682 4582; x_wconf 76' lang='lat'>1882).</span> <span class='ocrx_word' id='word_1_297' title='bbox 1412 4523 1414 4530; x_wconf 92' lang='grc'><strong><em>·</em></strong></span> 
     </span>
    </p>
   </div>
   <div class='ocr_carea' id='block_1_4' title="bbox 0 0 1594 5174">
    <p class='ocr_par' dir='ltr' id='par_1_8' title="bbox 0 0 1594 5174">
     <span class='ocr_line' id='line_1_40' title="bbox 0 0 1594 5174; baseline 0 1"><span class='ocrx_word' id='word_1_298' title='bbox 0 0 1594 5174; x_wconf 95' lang='lat' dir='ltr'> </span> 
     </span>
    </p>
   </div>
  </div>
 </body>
</html>
