3180 5174
697 457 766 541 [27]
1256 465 1297 526 27

164 648 293 726 dotium,
317 648 371 709 ubi
391 649 577 710 Asianorum
603 648 771 711 mulierum
794 649 1014 714 condicionem
1039 652 1297 735 respexerimus,

161 773 255 814 usum
277 752 375 832 illum,
400 758 435 813 ut
457 752 674 816 sacerdotibus
690 752 775 815 idem
791 773 888 816 sexus
907 765 989 818 esset
1006 776 1042 820 ac
1059 758 1137 836 deis,
1162 755 1202 819 ad
1217 755 1298 838 Ery·

162 856 274 918 thraea
297 856 351 917 illa
374 855 551 919 sacerdotia
574 877 635 918 non
657 857 850 938 pertinuisse
874 858 1021 941 colligere
1044 861 1161 924 licebit.

267 956 426 1033 Ceterum,
451 956 598 1040 quoniam
633 977 696 1018 non
722 957 851 1021 cuilibet
882 959 967 1042 apud
993 961 1132 1025 Graecos
1164 961 1297 1024 facultas

162 1059 221 1122 fuit
254 1058 467 1122 sacerdotium
501 1059 752 1138 administrandi,
791 1062 821 1122 in
855 1061 1130 1127 Halicarnassensi
1169 1064 1297 1127 decreto

163 1163 397 1247 praescribitur,
421 1167 456 1224 ut
478 1163 626 1226 sacerdos
649 1163 723 1225 inde
747 1185 765 1226 a
790 1165 884 1226 tertio
909 1187 1027 1246 genere
1053 1167 1129 1230 civis
1159 1169 1199 1230 sit
1221 1167 1298 1249 legi·

163 1266 262 1330 tima‘2.
319 1265 505 1348 Aesculapii
539 1265 654 1328 deinde
689 1266 838 1329 sacerdos
873 1269 995 1351 integer
1028 1267 1228 1352 (dirimamur)
1268 1274 1299 1333 ot

161 1370 237 1432 iuris
262 1369 419 1432 honorum
441 1369 599 1452 particeps
627 1362 674 1455 [pl
700 1370 907 1448 δαμοοιοογίας
929 1367 1075 1451 μέτεστι]
1098 1394 1167 1435 esse
1191 1372 1297 1435 debet.

164 1471 348 1534 Cuiusmodi
381 1471 591 1550 condiciones,
625 1490 818 1554 quamquam
850 1473 898 1536 tit.
930 1473 975 1536 la
1007 1480 1038 1536 et
1070 1474 1104 1536 ΙΙ
1136 1475 1231 1559 plane
1266 1480 1298 1537 et

163 1595 313 1658 expresse
335 1595 398 1636 non
422 1573 601 1656 adscriptae
623 1581 708 1655 sunt,
732 1577 892 1638 tamenin
917 1575 1052 1639 deorum
1075 1585 1106 1639 et
1131 1576 1297 1640 duodecim

161 1685 193 1744 et
216 1680 457 1742 Samothracum
480 1679 666 1742 sacerdotiis
693 1713 728 1722 —
755 1680 781 1742 si
805 1679 932 1763 quidem
955 1679 1082 1767 publica
1105 1679 1235 1743 fuerunt
1256 1719 1296 1728 -

160 1784 298 1845 valuisse
320 1804 413 1846 nemo
437 1782 592 1868 negabit3.

693 2054 763 2135 55.

163 2236 262 2298 QUAE
290 2234 470 2286 RATIONES
500 2235 815 2287 INTERCESSERINT
847 2235 960 2287 INTER
988 2235 1297 2288 ERYTHRAEORUM

335 2328 648 2382 SACERDOTIORUM
667 2330 862 2381 EMPTORES
882 2330 928 2380 ΕΤ
949 2329 1123 2384 PRAEDES.

267 2476 350 2540 Satis
372 2475 472 2539 multa
494 2474 591 2539 verba
608 2475 648 2537 de
671 2476 866 2559 emptoribus
883 2475 1163 2559 sacerdotibusque
1185 2475 1297 2540 fecisse

161 2580 237 2643 mihi
261 2578 384 2660 videor3
414 2579 596 2662 proximum
623 2587 680 2659 est,
713 2585 748 2641 ut
770 2579 926 2657 rationes,
957 2598 1038 2662 quae
1061 2579 1295 2642 intercesserint

162 2686 423 2768 interemptores
448 2690 479 2746 et
510 2682 656 2767 praedes,
680 2683 819 2746 breviter
847 2683 1012 2765 attingam.
1059 2684 1107 2745 Ae
1130 2681 1295 2766 praedium

162 2788 288 2873 quidem
304 2787 336 2850 in
361 2808 423 2852 uno
442 2787 621 2870 Erythraeo
645 2786 736 2850 titulo
760 2787 876 2850 mentio
900 2786 964 2869 fite
986 2786 1018 2849 in
1042 2807 1103 2870 quo
1115 2791 1294 2870 'emptorum

162 2900 193 2955 et
216 2890 380 2974 praedium
403 2890 531 2953 nomina
554 2889 633 2952 haec
658 2889 794 2971 legimus
817 2890 887 2973 plus
911 2891 1007 2953 semel
1032 2895 1296 2953 commemorata:

266 2993 298 3076 1)
322 2991 462 3074 Ἀριστῆς
479 2991 636 3073 'Apertam
655 2994 715 3055 tria
730 2993 906 3057 sacerdotia
923 2994 998 3056 emit
1014 2992 1048 3076 a)
1065 3029 1116 3072 -‚
1148 2988 1296 3073 ἐγγυητής

161 3093 340 3173 Θεόπομπος
356 3093 562 3176 Δημώνακτος
578 3116 606 3158 v.
619 3098 671 3176 54,
697 3094 731 3173 b)
744 3092 929 3177 Ἀφροδίτας
941 3092 1130 3176 Πανδήμου,
1147 3089 1296 3174 ἐγγυητής

159 3196 356 3275 Ἀλέξανδρος
384 3220 413 3260 v.
438 3199 493 3276 58,
524 3198 554 3277 c)
582 3195 651 3272 Διὸς
677 3195 905 3278 Ἀνοτοοααίου
935 3203 1010 3273 κτλ.,
1039 3193 1190 3278 ἒγμννμὴς
1220 3193 1296 3258 Θεό·

161 3324 280 3380 πομαος
306 3295 511 3381 Δημώνακτος
533 3322 562 3362 v.
589 3302 637 3362 70.

262 3399 298 3483 2)
314 3400 493 3478 (detineremur
507 3399 732 3483 Αημώνακτοςτ
750 3401 797 3464 bis
809 3401 1026 3464 vadimonium
1039 3401 1125 3479 facil,
1143 3401 1182 3464 cf.
1199 3405 1210 3464 l
1228 3423 1256 3465 a.
1269 3425 1295 3466 c.

263 3504 296 3583 3)
323 3502 498 3585 Δημήτριος
526 3502 703 3568 Ἀονλλίουῖ
749 3508 783 3582 a)
822 3512 946 3588 emptor
980 3505 1149 3568 sacerdotii
1174 3503 1295 3585 Ἐστιής

160 3605 313 3688 Βουλαιής
335 3627 364 3671 v,
382 3609 434 3689 66,
458 3604 494 3687 b)
509 3607 724 3669 vadimonium
741 3607 816 3670 facit
830 3603 1017 3693 Ἐρμησίλεῳ
1034 3608 1195 3686 Μέντορος
1219 3629 1246 3671 v.
1265 3611 1294 3673 4.

262 3708 296 3790 4)
333 3707 511 3791 Δημήτριος
540 3708 758 3792 Ἀοιστάρχοντ
792 3717 917 3792 emptor
950 3709 1122 3773 sacerdotii
1159 3707 1295 3792 Ἀθηνᾶς

162 3811 258 3894 Νίκης
281 3835 310 3876 v.
336 3815 388 3894 30,
411 3813 446 3888 b]
470 3813 587 3876 vadem
609 3834 644 3876 se
667 3815 722 3876 dat
744 3835 802 3898 pro
820 3812 948 3899 Ἰεροίτᾳ
970 3810 1100 3893 Ἱέρωνος
1123 3836 1153 3877 v.
1179 3816 1229 3877 60.

263 3916 296 3993 5)
306 3913 522 3995 Ἑκατώνυμος
533 3919 731 3997 Χονονόαουε
746 3924 869 4000 emptor
882 3916 1128 3979 sacerdotiorum
1140 3914 1174 3998 a)
1188 3916 1296 3998 Λήμη-

158 4041 228 4096 τρος
257 4020 305 4080 καί
331 4015 496 4101 Δήμητρος
530 4022 648 4103 Κόρης,
683 4019 833 4102 ἐγγυητής
863 4017 994 4094 Ἑκατοῖς
1029 4021 1059 4080 Γ
1058 4017 1155 4081 νώτου
1187 4041 1218 4083 v.
1244 4021 1294 4100 72,

164 4157 370 4164 ———.-

264 4225 271 4258 ¹
291 4225 326 4274 cl.
346 4241 371 4290 p.
390 4223 434 4277 30.

262 4308 274 4344 ²
293 4309 328 4360 cf.
347 4309 388 4361 tit.
408 4310 452 4360 III
471 4327 496 4361 v.
514 4309 531 4362 6
549 4327 590 4377 sq.

263 4395 484 4462 'mpffim

261 4479 326 4532 ⁴cf.
346 4479 449 4532 Anthea
469 4497 495 4546 p.
513 4480 556 4533 40.
