3180 5174
699 490 768 575 [aa]
1267 493 1306 556 33

172 685 322 750 1138όὸ33
339 706 412 748 vero
429 683 603 764 notionem,
620 703 713 766 quam
732 681 938 746 Laticlreffius
957 683 997 746 ad
1013 683 1116 746 officia
1135 682 1307 746 sacerdotis

168 790 301 868 rettulit,
325 808 400 851 num
424 788 541 851 rectius
567 786 607 850 de
631 785 784 849 reditibus
809 786 1007 850 intellexerit
1027 785 1307 868 Dittenbergerus,

172 892 345 955 diiudicare
374 911 438 954 non
467 889 586 952 ausim(
625 889 696 961 Quo
729 888 827 952 verbo
862 909 1083 974 quaecumque
1115 889 1154 951 ad
1188 889 1306 956 cultum

170 1003 316 1079 spectent
340 993 444 1058 officie
466 1014 530 1055 non
554 992 779 1076 comprehendi
804 992 863 1055 etsi
887 993 1136 1074 Dittenbergero
1157 991 1306 1067 concedo,
1372 1015 1373 1018 ¹

168 1121 261 1162 unam
285 1105 390 1162 tamen
417 1103 535 1160 certam
559 1116 707 1179 pompam
732 1103 787 1158 aut
803 1095 1072 1179 supplicationem
1086 1097 1117 1158 in
1136 1097 1196 1158 boc
1213 1095 1305 1158 titulo

170 1201 341 1285 significari
365 1221 427 1262 non
450 1199 643 1281 negaverim.
686 1197 768 1261 Toto
792 1196 961 1262 sacerdotii
984 1199 1086 1280 pretio
1105 1198 1145 1260 ab
1163 1204 1306 1282 emptore

169 1305 208 1367 ad
226 1303 308 1366 diem
325 1304 428 1367 soluto
445 1299 472 1382 ‘ip
491 1297 655 1376 ἄνθεσιξ
672 1302 824 1385 emptoris
839 1301 1016 1383 sumptibus
1030 1302 1217 1366 celebratur.
1235 1298 1306 1362 ’Ἁν-

168 1413 254 1482 &sorr
270 1405 355 1469 enim
371 1412 402 1468 33
420 1401 598 1466 ἀνατιθέναι
621 1405 660 1466 (13
676 1404 842 1467 sacerdote
860 1403 1081 1486 inaugurando
1098 1404 1217 1466 dictum
1234 1427 1305 1468 3333

170 1509 435 1591 Dittenbergerus
452 1507 530 1570 scite
548 1505 673 1590 quidem
690 1506 839 1587 adnotat,
864 1514 896 1568 at
922 1505 1035 1587 ,huius
1052 1506 1199 1569 vocabuli
1215 1528 1306 1569 usum

168 1611 243 1676 inde
266 1610 476 1695 repetendum
499 1631 578 1686 3333,
603 1608 688 1692 quod
706 1608 854 1672 sacerdos
872 1610 968 1671 sellae
984 1608 1015 1670 13
1033 1608 1164 1672 (1313133
1181 1609 1305 1694 positae

167 1717 350 1799 imponatur
373 1715 514 1777 similiter
537 1720 631 1796 atque
655 1713 686 1776 in
721 1713 943 1796 episcoporum
971 1713 1216 1794 inauguratione
1239 1713 1305 1775 fieri

169 1816 299 1894 soleat,“
315 1816 395 1880 adeo
414 1839 477 1880 333
495 1815 658 1899 probabile
676 1836 745 1878 3333
762 1821 851 1898 puto,
869 1822 904 1876 ut
921 1823 951 1876 et
964 1816 1091 1899 propria
1104 1811 1304 1878 3311313333-

170 1920 260 1984 θέναι
277 1920 306 1981 vi
330 1941 367 1982 33
389 1919 520 1982 3331333
544 1923 575 1982 33
599 1917 719 1980 Servii¹
755 1919 932 1981 testimonio
957 1919 1054 1993 nisus,
1082 1919 1155 2002 quin
1179 1915 1305 1993 ἄνθεσις

169 2045 206 2087 33
240 2023 409 2108 pertineat,
444 2022 527 2106 quod
563 2022 711 2084 sacerdos
747 2021 844 2082 cultui
880 2019 931 2083 dei
967 2030 1111 2084 sacratur
1146 2029 1177 2084 33
1215 2021 1305 2104 33331

171 2125 345 2204 dedicatur,
375 2125 478 2188 nullus
502 2125 655 2188 dubitem.
703 2121 858 2186 Sacerdos
882 2144 959 2186 sane
981 2144 1043 2185 non
1068 2124 1180 2186 eodem
1209 2124 1303 2187 modo

170 2251 232 2312 333
257 2249 306 2290 res
330 2228 437 2311 aliqua
462 2227 521 2290 (133
546 2227 690 2306 traditur,
713 2225 768 2288 sed
792 2247 848 2310 per
872 2225 1030 2309 quandam
1046 2227 1184 2290 notionis
1201 2233 1303 2289 trans·

167 2333 319 2395 lationem
350 2327 527 2391 ἀνατιθὲναι
558 2328 669 2392 eodem
701 2329 770 2390 iure
801 2328 842 2392 (13
872 2329 1093 2410 inaugurando
1127 2328 1303 2406 sacerdote,

170 2455 232 2520 quo
257 2433 295 2496 de
317 2430 712 2496 3333131333331133333132
734 2441 914 2516 usurpatur.
935 2467 971 2474 —
991 2431 1081 2504 Quod
1100 2433 1236 2516 denique
1253 2454 1304 2495 res

166 2538 293 2622 publica
315 2538 384 2621 ipsa
409 2537 544 2620 emptori
569 2543 668 2613 cavet,
697 2557 737 2597 ne
762 2537 831 2619 quis
854 2536 885 2597 in
908 2535 976 2599 iure
1002 2535 1205 2618 exsequendo
1230 2556 1303 2599 eum

168 2641 358 2725 interpellet,
382 2642 494 2702 mirum
512 2646 647 2720 nonest,
670 2660 741 2701 cum
757 2640 942 2723 praesertim
962 2661 1110 2723 magnum
1134 2637 1303 2703 sacerdotii

167 2745 303 2828 pretium
327 2743 542 2826 respiciamus,
567 2740 605 2804 cf.
630 2763 657 2802 v.
683 2743 722 2804 13
745 2763 827 2825 sqq.:
858 2737 890 2818 ὃς
914 2741 945 2805 a‘
969 2767 1005 2803 κα
1027 2740 1099 2829 εἴπῃ
1124 2739 1143 2828 ἦ
1167 2766 1302 2824 333333(-

166 2842 271 2933 3331313
296 2843 313 2926 'l
337 2849 444 2932 προθῇ
469 2840 486 2926 ἢ
510 2847 543 2907 ἐν
566 2842 653 2930 δάμῳ
680 2841 698 2924 ἢ
721 2841 803 2906 silla
825 2845 875 2906 καὶ
896 2848 928 2926 χ’
944 2843 1075 2921 castoria,
1099 2843 1139 2920 ὡς
1160 2847 1206 2906 δεῖ
1225 2842 1304 2928 ἀφε-

166 2947 274 3012 λέσθαι
298 2946 351 3011 τόν
374 2947 539 3029 πριάμενον
561 2945 619 3009 τοῖν
642 2945 805 3027 tentantia,
827 2950 926 3028 χιλίας
947 2945 1090 3032 δραχμάς
1112 2945 1302 3010 ἀποτεισάτω

166 3050 249 3131 ἱεράς
272 3057 327 3113 τοῦ
350 3048 541 3113 Ἀσκλαπιοῧ.
575 3088 612 3096 -
642 3049 713 3122 Quo
738 3069 777 3111 ex
802 3051 872 3112 loeo
897 3051 988 3113 simul
1012 3072 1206 3134 cognoscere
1229 3051 1305 3113 licet

168 3152 350 3236 Aesculapii
385 3173 447 3213 non
478 3152 581 3213 minus
616 3172 710 3235 quam
746 3150 870 3215 Dianae
903 3152 1065 3236 Pergaeae
1101 3153 1173 3218 aedi
1206 3153 1303 3216 luisse

166 3256 333 3318 aerarium.
381 3254 417 3316 ln
452 3253 727 3317 Halicarnassensi
761 3255 845 3316 enim
880 3254 971 3318 titulo
1005 3257 1107 3320 verbis
1143 3258 1302 3339 expressis

166 3357 400 3441 praescribitur,
430 3361 466 3418 ut
489 3356 636 3420 sacerdos
660 3357 846 3419 thesaurum
876 3359 1030 3439 instituat,
1060 3361 1091 3421 13
1115 3361 1302 3443 33313331-

169 3481 304 3544 3313333
328 3459 492 3539 sacrificet,
516 3459 545 3523 31
568 3480 624 3541 pro
648 3460 815 3522 immatura
839 3461 967 3523 victima
990 3482 1080 3540 unus,
1112 3483 1169 3546 pro
1193 3461 1303 3524 adulta

167 3564 230 3627 duo
264 3564 350 3627 oboli
383 3562 536 3626 inferendi
571 3564 643 3626 sint.
690 3563 844 3626 Sacerdos
876 3565 997 3628 Dianae
1029 3565 1193 3647 Pergaeae
1227 3586 1302 3628 num

165 3669 234 3751 ipsa
257 3666 320 3729 suis
344 3666 494 3749 impensis
519 3667 672 3749 templum
703 3665 932 3729 aedificandum
966 3668 1134 3748 curaverit,
1167 3668 1302 3750 perspici

164 3770 283 3853 nequit.

268 3873 390 3951 Restat,
416 3879 450 3934 ut
474 3872 617 3934 solvendi
650 3871 715 3934 dies
746 3873 885 3936 breviter
916 3874 1135 3957 perstringam,
1168 3895 1301 3957 quorum

164 3977 223 4040 nisi
246 3978 277 4039 in
302 3976 401 4038 titulis
427 3974 473 4038 lb
497 3981 529 4037 et
551 3976 586 4038 II
609 3977 728 4040 mentio
751 3998 813 4039 non
837 3978 882 4041 fit.
922 3977 969 4040 Of.
985 3978 1032 4041 tit.
1056 3978 1102 4041 Ib
1118 3998 1146 4039 v.
1166 3981 1202 4040 ll
1220 3999 1301 4061 sqq.:

167 4141 372 4148 ...ω-..-

268 4253 277 4286 1
298 4251 332 4301 ad
352 4249 435 4316 Verg.
453 4249 521 4302 Aen.
541 4251 554 4301 I
573 4267 597 4300 v.
617 4250 663 4303 73:
692 4252 820 4304 sacerdos
840 4251 981 4306 dicatus
1000 4258 1041 4304 est
1061 4253 1170 4314 numini,
1189 4255 1242 4305 hoc
1261 4261 1302 4306 est

165 4339 199 4388 ad
219 4336 377 4402 obsequium
397 4335 476 4388 datus
496 4340 544 4388 est.

268 4424 278 4458 ²
311 4421 346 4473 ct.
365 4423 386 4473 Ι.
406 4423 437 4472 G.
460 4423 491 4472 A.
517 4439 542 4472 3.
569 4421 611 4474 83.
637 4422 677 4472 86.
703 4421 751 4486 88;
780 4421 1058 4486 Wescher-Foucart,
1084 4422 1172 4474 Inser.
1203 4422 1300 4487 Delpb.

165 4525 191 4558 n.
210 4506 275 4573 4323
294 4505 413 4572 Curtius,
433 4507 536 4558 Anecd.
557 4507 655 4575 Delpb.
675 4524 699 4573 p.
719 4505 759 4560 32.

1179 4592 1197 4648 3
