3180 5174
706 455 774 541 tao]
1266 460 1306 522 35

171 654 223 733 sit,
248 653 287 713 dc
314 650 529 734 Corybantum
558 650 644 711 cultu
668 649 763 732 paulo
796 649 895 710 fusius
919 648 1073 711 disserere
1095 649 1172 711 satis
1195 649 1309 711 habeo.

170 755 259 828 Quos
279 751 479 836 Κορύβαντας
502 751 659 826 Θαλείους,
681 749 905 832 Εὐφρονιννόυς,
927 747 1097 832 l-tiopa'org
1120 750 1160 814 ab
1184 752 1231 832 iia,
1255 751 1307 833 qui

171 860 251 921 haec
274 856 451 919 sacerdotia
480 853 705 934 condidissent,
737 855 924 936 cognomina
952 856 1087 917 traxisse
1115 853 1307 936 Foucartus,

172 982 243 1024 cum
269 960 308 1021 ad
332 958 444 1020 similia
469 979 549 1039 quae
572 957 602 1018 in
620 956 818 1020 Rhodiorum
843 957 940 1019 satiris
966 967 1136 1019 occurrunt
1161 958 1309 1040 exempla
1337 984 1338 987 ¹

172 1069 336 1147 provocat,
370 1059 454 1145 apud
486 1056 643 1143 Rayetum
678 1056 723 1141 (p.
758 1058 834 1140 128]
867 1067 982 1122 monet.
1030 1058 1079 1123 Ita
1115 1068 1243 1122 exstant
1276 1059 1308 1120 in

170 1185 328 1228 marmore
344 1164 479 1248 quodam
497 1162 645 1226 Rhodiol
671 1161 994 1242 Ἀγαθοιῖαᾳιονιασταὶ
1017 1160 1181 1236 oritana,
1203 1162 1309 1224 Λιονυ·

172 1271 293 1332 omorui
318 1264 551 1348 Χαιρημόνενοι,
584 1286 664 1349 quae
699 1265 833 1346 collegia
856 1266 922 1328 sinc
946 1266 1043 1328 dubio
1068 1288 1087 1327 a
1117 1265 1253 1328 Philone
1278 1272 1310 1327 et

173 1372 393 1435 Chaeremone
410 1369 554 1431 instituta
569 1379 601 1430 et
616 1367 821 1430 denominata
839 1369 937 1432 sunt-¹.
962 1370 1010 1431 Ac
1027 1369 1164 1430 Θαλείων
1181 1368 1309 1452 quidem

172 1472 390 1559 Κορυβάντων
415 1472 515 1535 cultus
546 1471 618 1553 quin
643 1491 661 1532 a
685 1469 818 1532 Thalete
849 1471 911 1547 illo,
944 1471 1031 1533 cuius
1062 1493 1091 1535 v.
1118 1475 1156 1534 95
1191 1472 1308 1534 mentio

172 1579 217 1658 iit,
241 1578 395 1658 originem
412 1574 553 1651 traxerit,
571 1595 663 1635 nemo
682 1573 852 1637 dubitabit.
892 1573 954 1645 Qui
970 1573 1087 1636 Thales
1104 1576 1171 1654 ipse
1189 1577 1308 1656 primus

174 1678 391 1764 Κορυβάντων
414 1679 551 1740 &ateium
574 1675 723 1738 sacerdos
751 1676 849 1738 luisse
873 1677 1007 1738 ridetur.
1054 1676 1116 1739 Sed
1149 1677 1310 1759 publicum

172 1793 251 1869 puto
275 1783 395 1844 facturn
418 1801 486 1843 esse
511 1780 570 1842 hoc
603 1779 828 1862 sacerdotium,
861 1801 931 1842 cum
962 1779 1161 1863 Ἀντίνατρος
1193 1778 1307 1860 Ἀγασι-

172 1889 289 1962 κλνίννς
311 1886 444 1948 Thalete
476 1893 604 1947 auctore
639 1884 776 1967 pretium
800 1883 877 1946 DLI
906 1882 1128 1946 drachmarum
1161 1885 1308 1948 solveret.

173 1991 255 2054 Nam
279 1989 355 2053 illud
381 1986 438 2050 ’ἐπὶ
456 1987 571 2050 &atad
594 1989 721 2049 omnino
746 2009 809 2050 non
832 1987 943 2049 eadem
962 1988 992 2049 vi
1010 1997 1106 2071 atque
1129 1985 1186 2049 ’ἐπὶ
1207 1990 1310 2070 Κηφι-

174 2091 267 2158 σίιννί
290 2115 317 2155 v.
336 2097 370 2154 41
393 2090 641 2172 intellegendum
663 2089 735 2168 estss,
759 2090 815 2152 sed
831 2089 1023 2153 Thaletis
1047 2091 1308 2154 auctoritate

173 2199 419 2280 interpretemur
444 2203 578 2277 oportet.
617 2193 733 2254 Thales
757 2193 852 2274 igitur
871 2194 1030 2276 privatum
1046 2195 1184 2256 Θαλείων
1201 2197 1307 2275 Κορυ-

172 2300 293 2382 tta'rraa
308 2298 519 2360 sacerdotium
541 2297 656 2358 civitati
673 2297 839 2359 concessit.
877 2296 973 2360 Cuius
990 2299 1114 2378 generis
1132 2296 1309 2360 sacerdotia

174 2404 302 2489 publica
324 2403 364 2463 ab
389 2401 563 2464 hominihus
581 2399 710 2483 privatis
729 2400 773 2462 ita
790 2401 943 2477 instituta,
966 2410 1000 2461 ut
1015 2401 1075 2483 ipsi
1090 2401 1182 2484 primi
1198 2400 1310 2462 fierent

174 2505 367 2581 sacerdotes,
392 2504 430 2564 ab
455 2502 695 2564 Atheniensium
719 2504 815 2565 sacris
838 2501 924 2564 haud
947 2503 1053 2565 aliena
1076 2501 1174 2566 fuisse
1199 2503 1309 2564 titulus

173 2611 300 2675 Atticus
338 2605 471 2668 doceat:
515 2603 551 2665 Ὀ
587 2602 660 2680 θεός
695 2603 823 2687 ἔχρησεν
856 2607 902 2690 τῷ
935 2605 1023 2692 δήμῳ
1058 2613 1103 2692 τῷ
1136 2605 1310 2686 Ἀθηναίων

173 2718 279 2777 δοῦναι
318 2705 374 2790 τὴν
413 2708 506 2770 οἰκίαν
550 2703 604 2793 τὴν
644 2707 795 2788 [ltprimum
833 2711 881 2770 aui
920 2705 973 2770 τόν
1009 2715 1109 2794 κῆπον
1145 2705 1227 2791 ἱερόν
1267 2713 1311 2790 τῷ

175 2815 357 2899 Ἀσκληπιῷ,
389 2813 436 2873 καὶ
468 2807 560 2871 αὐτόν
586 2807 727 2889 Δήμωνα
754 2805 1019 2893 tepescebant.
1066 2810 1191 2874 Demon
1214 2811 1310 2893 igitur

174 2916 357 2999 Aesculapii
390 2914 558 2976 delubrum
589 2913 709 2975 civitati
741 2914 785 2975 ita
820 2913 959 2994 tradidit,
994 2922 1030 2975 ut
1062 2914 1128 2996 ipse
1161 2913 1310 2984 sacerdos

174 3024 403 3087 institueretur.

278 3122 455 3186 Sodalicius
469 3141 544 3183 vero
561 3120 621 3182 luit
634 3119 877 3184 Samothracum
895 3120 1027 3184 deorum
1043 3120 1156 3201 cultus,
1174 3140 1309 3202 quorum

176 3231 272 3293 sacris
298 3225 453 3288 obeundis
485 3231 659 3304 mystarum
685 3223 836 3287 sodalitas
860 3244 987 3307 operam
1012 3224 1150 3287 navavit.
1199 3223 1309 3285 Sanio-

175 3333 302 3395 thraces
334 3329 430 3411 igitur
461 3327 512 3390 dei
544 3328 736 3411 aprivatis,
770 3350 833 3390 non
864 3349 882 3389 a
910 3328 1036 3390 civitate
1066 3328 1209 3390 arcessiti
1241 3347 1310 3389 esso

175 3436 325 3498 videntur
350 3453 367 3493 e
390 3431 605 3494 Samothrace.

279 3534 455 3597 Duodecim
484 3532 620 3615 denique
647 3533 778 3595 deorum
805 3534 1018 3596 sacerdotium
1046 3542 1151 3596 utrum
1179 3533 1218 3594 ad
1248 3533 1309 3616 pri-

176 3650 286 3706 vatum
305 3636 464 3722 quoddam
489 3638 656 3719 collegium
679 3638 867 3720 pertinuerit
890 3659 929 3699 an
948 3638 1108 3720 publicum
1126 3636 1230 3712 luerit,
1246 3657 1309 3699 non

175 3746 251 3808 satis
268 3741 405 3826 perspici
421 3746 542 3823 potest:
562 3761 752 3823 quamquam
770 3739 810 3802 ad
826 3741 982 3822 privatam
999 3741 1105 3824 potius
1123 3740 1310 3821 religionem

178 3847 335 3931 pertinere
359 3843 486 3906 videtur
509 3841 756 3906 Nicomaeheum
787 3867 806 3906 a
828 3843 1037 3926 Nicomacho,
1071 3844 1159 3907 cuius
1194 3863 1309 3906 nomen

174 3947 268 4024 titulo
291 3947 483 4029 inscribitur,
507 3946 697 4011 dedicatum.

278 4142 287 4175 1
308 4138 341 4190 cl.
361 4139 440 4189 Ross.
460 4138 540 4189 inser.
560 4138 631 4190 ined.
652 4155 677 4190 n.
697 4136 756 4189 982.

281 4225 352 4274 ²Do
381 4225 474 4275 talium
503 4224 683 4287 collegiorum
712 4224 803 4274 indole
831 4223 887 4288 egit
916 4223 1083 4287 liceolihius,
1112 4221 1140 4273 C.
1169 4222 1191 4273 1.
1221 4221 1253 4274 G.
1281 4224 1309 4275 II

175 4330 201 4365 n.
220 4311 289 4365 2525
309 4313 333 4362 b.
1339 4299 1342 4305 ’

279 4397 289 4430 ³
308 4399 343 4448 cf.
362 4397 485 4448 Dittenb.
502 4396 527 4446 S.
549 4397 570 4447 I.
591 4396 621 4446 G.
641 4412 667 4445 n.
686 4394 769 4446 37022.

278 4483 342 4534 4ct'.
362 4483 484 4533 Dittenb.
504 4483 531 4533 S.
550 4482 571 4532 l.
592 4483 624 4532 G.
643 4497 670 4531 n.
689 4481 748 4536 368.
772 4504 775 4510 .
