3180 5174
618 819 666 869 DE
686 817 933 869 SACERDOTUM
953 817 1119 869 OFFICIIS.

404 939 437 1001 si
461 939 529 1022 quis
553 939 735 1021 omnesqui
759 937 820 999 huc
841 937 1000 1019 pertinent
1024 939 1131 1000 titulos
1166 939 1313 1001 universe
1340 959 1434 1021 gene-

301 1043 454 1124 ratimquo
493 1041 710 1120 contuebitur,
755 1039 956 1102 sacerdotum
996 1040 1100 1102 officia
1138 1042 1235 1103 multo
1275 1043 1434 1125 copiosius

301 1144 464 1228 fusiusque
487 1144 645 1227 descripta
669 1152 700 1206 et
725 1143 853 1206 definita
878 1164 947 1206 esse
971 1143 1124 1206 reditibus
1147 1145 1325 1228 perspiciet.

402 1247 525 1309 Dianae
548 1247 712 1329 Pergacae
735 1247 892 1309 sacerdoti
915 1252 947 1308 ct
962 1248 1090 1329 publica
1107 1255 1137 1308 et
1156 1247 1277 1330 privata
1294 1248 1432 1310 curanda

298 1358 372 1414 sunt
395 1349 557 1430 sacrificia,
581 1349 619 1412 ol.
650 1370 678 1410 v.
709 1352 744 1411 a:
791 1347 881 1412 θύσει
908 1347 946 1410 rol
977 1346 1043 1427 ispo?
1073 1346 1109 1410 cd
1134 1346 1300 1428 dqptorrlia
1322 1352 1371 1412 aad
1395 1348 1434 1412 rol

299 1449 439 1514 ῖὸιωτικοί.
486 1452 590 1534 Atque
614 1473 654 1514 ex
678 1453 811 1536 publicis
834 1453 994 1515 sacrificiis
1018 1455 1111 1515 unlus
1135 1460 1260 1532 tempus
1287 1463 1433 1515 accurate

300 1555 457 1634 delinitur,
480 1555 596 1617 mensis
615 1555 763 1617 Heraclei
789 1555 849 1617 diei
875 1555 1064 1635 duodecimi,
1088 1554 1232 1637 quodie,
1257 1555 1317 1617 nisi
1332 1555 1433 1636 fallor,

298 1656 422 1719 Dianae
445 1657 659 1720 sacerdotium
684 1665 715 1719 et
740 1658 948 1719 constitutum
969 1670 1000 1720 ct
1016 1656 1218 1718 vendendum
1236 1659 1432 1742 propositum

300 1767 356 1824 est.
412 1758 505 1831 Quod
536 1759 638 1843 ipsum
672 1761 857 1822 sacrificium
886 1782 949 1822 non
980 1760 1147 1840 sacerdoti,
1177 1759 1233 1822 sed
1263 1769 1432 1844 prytanum

298 1865 392 1927 huius
416 1865 531 1926 mensis
556 1865 739 1926 mulieribus
762 1865 892 1945 triginta
922 1864 1077 1927 drachmis
1109 1863 1234 1945 publice
1266 1864 1345 1926 datis
1376 1886 1432 1948 pa-

299 1967 433 2030 randum
458 1973 515 2031 cst.

401 2071 657 2134 Samotbracibus
681 2091 807 2154 quoque
831 2068 896 2134 dcis
913 2070 1055 2132 similiter
1072 2091 1109 2131 ac
1126 2068 1249 2133 Dianae
1266 2070 1432 2152 Pergaeae

299 2174 482 2236 sacrificium
501 2173 715 2256 praebendum
730 2173 856 2235 videtur
873 2193 942 2235 csse
956 2172 1212 2252 anniversarium,
1229 2173 1267 2235 cf.
1277 2178 1332 2236 ud
1347 2194 1432 2258 sqq.:

297 2274 543 2354 Ἀπατουρειῦνος
565 2273 683 2360 ἕβδόμῃ
706 2272 840 2356 παρ[έ“ξει
865 2271 897 2335 td
922 2272 1042 2355 πέμμ]α
1066 2278 1171 2355 σχίξας
1194 2280 1242 2335 καὶ
1266 2273 1364 2356 ἐγχέει
1381 2273 1431 2356 [τὸ

298 2375 390 2440 ποτὸν
412 2376 489 2458 τοῖ]ς
510 2375 637 2456 μύσταις
660 2381 708 2439 καὶ
738 2374 1004 2456 πομπε[υθ·ήσεται
1035 2375 1119 2458 araelp’
1144 2375 1247 2438 αὐτοῦ.
1278 2403 1432 2460 cremamu-

299 2480 431 2568 θήσεται
454 2489 516 2543 κτλ.
561 2480 628 2542 Nec
651 2481 717 2542 veri
741 2478 891 2542 dissimile
913 2485 960 2541 cst
986 2480 1044 2541 hoc
1064 2481 1199 2562 septimo
1216 2480 1430 2563 Apaturconis

298 2585 348 2647 die
361 2585 566 2647 constitutum
580 2605 659 2662 esse,
678 2589 712 2645 ut
727 2582 940 2645 sacerdotium
954 2582 1065 2645 venale
1078 2582 1177 2646 fieret.
1202 2583 1432 2646 Praescribitur

299 2687 435 2772 denique
451 2687 618 2768 sacerdoti,
633 2694 669 2750 ut
685 2687 715 2749 in
730 2686 875 2749 omnibus
889 2693 1064 2770 mystarum
1077 2687 1275 2750 contionibus
1289 2689 1431 2770 proximo

299 2791 464 2854 decessore
489 2791 619 2874 aliisque
645 2810 684 2850 ex
708 2789 856 2852 sodalicia
880 2789 952 2871 lege
982 2788 1130 2851 adhibitis
1163 2796 1235 2851 tura
1266 2791 1431 2853 sacrificet.

400 2892 577 2956 Duodecim
613 2891 727 2955 deinde
763 2893 895 2956 deorum
930 2891 1086 2954 sacerdoti
1122 2912 1203 2975 quae
1238 2893 1341 2955 officia
1376 2915 1430 2955 ex·

300 2996 461 3080 esqucnda
484 2995 612 3075 fuerint,
635 2997 683 3057 tit.
707 2995 749 3057 Ia
773 3019 803 3059 v.
830 2998 845 3057 7
871 3016 938 3078 sqq.
963 2994 1069 3056 doceri
1093 2994 1231 3055 videtur:
1255 2993 1430 3075 ποταγόντω

297 3099 328 3162 δὲ
344 3098 405 3179 r[ol
421 3097 509 3177 ἱερεῖς
526 3096 584 3178 τοι]
607 3095 746 3159 ἓκαστάκι
764 3095 912 3176 γινόμενοι
931 3093 968 3158 τὰ
984 3095 1089 3174 laprio,
1111 3093 1130 3157 ἅ
1146 3095 1196 3176 κ[α
1212 3095 1265 3181 δὲῃ
1281 3095 1431 3180 eccillam,

297 3207 366 3263 ποτὶ
401 3199 453 3263 τόν
486 3198 592 3279 paratv
626 3206 686 3262 raia
722 3205 807 3261 θεῶν
841 3201 902 3261 τῶν
936 3197 1070 3261 dvrddsaa
1107 3202 1156 3261 καὶ
1192 3198 1340 3262 acrorirrar
1376 3199 1431 3262 τάν

298 3304 420 3367 θυσίαν.
446 3303 609 3365 Sacerdoti
633 3303 725 3386 igitur
749 3310 852 3366 certae
876 3302 999 3364 hostiae
1024 3301 1062 3362 ad
1092 3323 1178 3363 aram
1210 3302 1374 3366 ducendae
1398 3313 1430 3367 et

298 3404 479 3468 caedendae
503 3412 592 3469 sunt:
624 3404 758 3488 quodsi
790 3405 980 3485 neglexerit,
1012 3424 1147 3487 poenam
1171 3405 1230 3466 sibi
1254 3406 1429 3470 contrahet.

298 3510 497 3592 Quamquam
522 3509 600 3571 hacc
624 3509 847 3591 supplementa
869 3507 1032 3568 fatendum
1067 3513 1114 3569 est
1145 3507 1266 3570 incerta
1298 3530 1367 3571 esse
1398 3517 1430 3571 et

297 3617 429 3694 propter
451 3611 586 3673 formam
610 3618 777 3692 suspecta:
801 3616 836 3671 ut
860 3630 898 3671 ne
921 3608 950 3670 id
969 3609 1096 3692 quidem
1115 3617 1247 3690 constet,
1271 3611 1311 3672 ad
1327 3632 1429 3674 sacer·

297 3713 387 3777 dotes
410 3714 491 3776 haec
516 3715 685 3797 pertinere.
1388 3789 1393 3795 μ

399 3815 436 3877 In
461 3814 673 3878 Chalcedonio
698 3813 823 3877 decreto
848 3814 896 3877 Ib
927 3814 1100 3878 sacerdotis
1130 3836 1193 3877 non
1225 3818 1319 3879 modo
1349 3819 1427 3899 iura,

296 3918 353 3982 sed
378 3919 473 3982 etiam
498 3918 601 3981 officia
623 3939 736 4002 parum
759 3925 906 3981 accurate
929 3927 1142 4000 exponuntur.
1189 3918 1256 3982 Nisi
1275 3923 1428 4004 templum

296 4021 410 4085 cotidie
438 4019 615 4084 ornandum
646 4043 715 4085 csse
739 4021 988 4104 verrendamquc
1020 4023 1193 4105 porticum,
1224 4044 1305 4106 quae
1329 4046 1429 4109 propo

296 4125 480 4208 Aesculapii
512 4125 665 4206 templum
697 4125 757 4188 sita
789 4131 845 4206 est,
878 4124 956 4186 nihil
986 4123 1052 4186 fcre
1085 4125 1192 4188 titulus
1226 4127 1292 4207 ipse
1325 4127 1427 4190 docet.

298 4228 400 4301 Quam
413 4227 578 4310 porticum,
591 4235 627 4290 ut
639 4225 724 4311 apud
738 4226 965 4289 Athenienscs¹
979 4227 1010 4288 in
1021 4227 1203 4311 Aesculapii
1216 4227 1296 4292 aede
1309 4229 1427 4291 factum

297 4338 361 4411 est,
398 4329 438 4392 ad
470 4337 620 4410 aegrotos
655 4329 859 4413 excipiendos
893 4329 1071 4391 institutam
1104 4351 1174 4393 esse
1207 4332 1353 4397 arbitror.
1387 4334 1447 4375 -”

401 4514 410 4548 ¹
430 4513 464 4564 ot.
484 4512 620 4577 Aristopb.
640 4512 710 4561 Plut.
732 4527 755 4561 v.
774 4508 832 4561 670.
