3180 5174
695 469 742 554 [rr
1262 472 1280 534 9

257 663 326 728 Nec
349 665 450 726 minus
466 663 678 746 Chalcedone,
703 685 772 726 cum
796 663 994 748 plebiscitum
1018 660 1082 747 (tit.
1097 661 1158 742 Ib)
1182 662 1280 742 fieret,

154 789 216 852 quo
244 767 454 832 sacerdotium
478 767 661 851 Aesculapii
688 767 858 830 locandum
889 767 1082 852 proponitur,
1114 764 1281 830 sacerdotii

155 875 346 957 emptionem
369 872 582 936 venditionem
604 872 781 935 institutam
811 892 878 935 esse
910 893 927 934 e
949 871 1124 955 praeceptis
1154 888 1281 932 accura-

156 976 274 1040 tissime
298 975 445 1056 definitis,
468 975 528 1038 nisi
551 975 652 1046 fallor,
677 976 811 1058 perspici
835 981 949 1058 potest.
996 973 1045 1038 ef.
1063 996 1088 1038 e.
1105 995 1134 1056 g.
1153 993 1180 1036 r.
1199 975 1215 1035 l
1235 963 1280 1054 sq'.

257 1087 433 1152 Duodecim
457 1094 563 1151 autem
587 1087 638 1150 dei
661 1088 834 1172 antiquitus
857 1088 927 1150 loco
945 1087 1008 1169 illo,
1032 1086 1084 1170 qui
1097 1081 1191 1168 Ἱερὸν
1208 1080 1282 1176 Δρός

157 1189 272 1272 Οὐρίου
299 1192 421 1272 dicitur,
454 1193 531 1256 culti
563 1192 666 1256 sunt.1
713 1189 774 1254 Sed
805 1190 930 1255 locandi
961 1191 1067 1274 legem
1098 1210 1161 1252 non
1195 1189 1284 1273 prius·

154 1297 301 1380 scriptam
326 1317 394 1361 esse
418 1301 558 1379 apparet,
582 1316 674 1380 quam
697 1301 901 1378 Νικομαχεῖον
923 1295 1010 1377 illud,
1035 1293 1116 1377 quod
1141 1294 1185 1357 Ia
1207 1316 1238 1358 v.
1263 1295 1280 1357 l

154 1406 436 1479 commemoratur,
471 1397 672 1462 aedificatum
707 1407 799 1462 esset.
844 1399 951 1482 Atque
985 1398 1045 1462 hoc
1082 1401 1282 1480 Νικομαχοῖον

154 1503 317 1567 conditum
333 1523 400 1566 esse
417 1523 529 1566 censeo
547 1502 848 1588 denominatumque
865 1503 1089 1567 aNicomacho
1105 1503 1159 1565 illo
1177 1501 1222 1582 (v.
1237 1500 1282 1583 l),

153 1606 241 1670 cuius
271 1627 363 1684 anno,
395 1627 466 1669 cum
495 1607 723 1691 praepositioni
754 1600 806 1669 ἐπί
836 1606 1030 1691 supplendae
1061 1606 1138 1668 nihil
1169 1607 1282 1685 obstet,

153 1711 315 1795 inscriptio
339 1709 422 1773 facta
447 1730 515 1774 esse
532 1709 665 1775 videtur.
699 1711 751 1772 An
774 1710 938 1795 quisquam
954 1718 1045 1795 putat
1058 1731 1132 1772 casu
1145 1695 1281 1792 quodam

154 1815 233 1877 haec
256 1814 384 1876 nomina
406 1814 535 1898 propria
557 1815 590 1877 in
613 1836 675 1878 uno
699 1814 875 1899 eodemque
897 1815 989 1878 titulo
1006 1835 1075 1878 esse
1091 1813 1281 1877 coniuncta?

260 1920 331 1980 Τῶν
352 1923 478 1996 μυστῶν
494 1923 579 1980 θεῶν
593 1923 656 1980 τῶν
671 1921 704 1982 ἐν
720 1917 912 2005 Σαμοθράκῃ
928 1919 991 1998 (tit.
1008 1918 1055 1998 Π)
1073 1917 1282 1980 sacerdotium

152 2022 216 2084 iam
239 2027 333 2085 antea
354 2021 463 2103 fuisse,
488 2021 634 2085 sedtum
658 2023 770 2106 ipsum,
798 2043 868 2086 cum
892 2021 1001 2086 titulus
1025 2023 1124 2103 fieret,
1147 2021 1281 2104 primum

152 2125 287 2190 veniisse
311 2145 328 2187 e
351 2125 470 2188 verbis:
504 2123 673 2188 ovar-torst
701 2126 732 2189 δὲ
760 2129 808 2189 καὶ
836 2123 907 2202 τούς
939 2123 1074 2206 λιβάνους
1104 2127 1142 2203 ἐμ
1173 2121 1282 2197 πάσαις

154 2236 218 2305 ταῖς
240 2227 374 2305 συνόδοις
395 2226 474 2308 pratel
497 2235 554 2292 τοῦ
575 2229 908 2312 προϋπάρχοντος
937 2227 1038 2312 ἱερέως
1067 2233 1126 2292 τῶν
1156 2231 1283 2307 μυστῶν

154 2333 355 2417 perspicuum
379 2333 436 2402 est,
482 2331 565 2396 Nam
589 2355 690 2418 usque
712 2334 751 2396 ad
782 2335 865 2397 vitae
895 2335 986 2397 finem
1018 2335 1153 2418 emptori
1182 2353 1284 2396 sacer·

155 2436 276 2497 dotium
300 2455 367 2498 esse
391 2435 670 2501 administrandum
695 2459 722 2502 v.
746 2441 764 2502 3
790 2438 898 2502 docet:
931 2436 1082 2520 ἱερήσεται
1106 2435 1164 2501 dccl
1186 2438 1282 2520 βίου.

260 2545 384 2611 Horum
413 2549 508 2632 igitur
537 2549 577 2614 de
608 2551 720 2633 quihus
751 2551 852 2614 adhuc
887 2551 1007 2634 egimus
1038 2550 1285 2614 sacerdotiorum

155 2649 380 2732 venditionem,
405 2674 467 2735 quo
490 2658 633 2736 tempore
655 2654 714 2739 ipsi
737 2655 819 2718 tituli
844 2657 1080 2732 conficerentur,
1107 2655 1282 2719 institutam

156 2775 225 2818 esse
249 2761 336 2818 certo
360 2763 493 2822 constat.
531 2758 637 2842 Atque
662 2760 880 2844 inscriptiones
903 2761 1000 2845 ipsae,
1025 2779 1106 2843 quae
1128 2759 1190 2821 huc
1212 2778 1283 2841 per·

155 2859 273 2939 tinent,
304 2861 504 2924 sacerdotum
537 2867 569 2925 et
599 2863 668 2926 iura
701 2869 732 2926 ct
763 2862 868 2927 officia
900 2865 969 2949 plus
1001 2865 1104 2927 minus
1137 2866 1281 2926 accurate

155 2961 347 3028 describunt.

258 3074 394 3138 Prorsus
417 3077 578 3142 diversum
600 3076 649 3142 es't
672 3087 891 3162 argumentum
909 3080 995 3144 tituli
1010 3077 1179 3164 Erythraei
1195 3077 1282 3160 (lv),

155 3179 209 3262 qui
238 3199 301 3241 non
333 3179 425 3243 unius
456 3185 579 3243 tantum
607 3181 771 3247 sacerdotii
800 3182 1014 3247 venditionem
1049 3203 1150 3268 neque
1185 3183 1284 3247 ullam

155 3282 313 3347 vendendi
336 3285 558 3367 condicionem,
592 3288 645 3351 sed
678 3289 848 3351 multarum
879 3288 1096 3354 venditionum
1119 3308 1283 3350 recensum

157 3385 305 3449 continet.
342 3384 414 3450 Hae
430 3388 630 3452 venditiones
654 3390 698 3452 ita
714 3390 885 3474 dispositae
905 3397 986 3472 sunt,
1013 3396 1055 3472 ut,
1078 3411 1284 3475 quaecunque

157 3489 336 3554 sacerdotia
361 3490 452 3554 unius
476 3493 548 3554 anni
576 3495 679 3575 spatio
711 3494 868 3570 venibant,
899 3495 936 3557 iis
967 3516 1080 3558 nornen
1112 3494 1284 3578 hieropoei,

158 3593 211 3676 qui
232 3599 278 3656 est
294 3594 379 3678 apud
395 3594 589 3680 Erythraeos
605 3597 808 3680 magistratus
825 3581 1032 3684 eponymus,³
1054 3598 1283 3682 praemittatur.

158 3693 205 3760 Of.
231 3717 257 3759 e.
281 3717 311 3776 g.
334 3717 363 3760 v,
387 3699 427 3760 94
451 3697 540 3781 (99):
571 3699 634 3762 nida
658 3699 799 3783 icpqrsirrr
822 3701 1003 3784 ἐπράθησαν
1031 3699 1284 3784 (ἐπεπρῶθησαν)

158 3797 208 3882 ἐφ’
241 3798 394 3880 ἱεροποιοΰ
426 3801 626 3885 Ἀπατουρίου
659 3802 753 3887 μηνὸς
785 3809 971 3888 Ληναιῶνος.
1026 3805 1148 3880 Quibus
1182 3807 1285 3870 verbis

159 3902 336 3965 continuari
358 3905 463 3970 solent
487 3907 521 3988 1)
545 3928 660 3971 nomen
684 3909 751 3972 cius
775 3909 838 3985 dei,
858 3910 945 3972 cuius
964 3909 1170 3974 sacerdotium
1192 3911 1286 3989 venit,

158 4003 194 4085 2)
218 4007 387 4071 sacerdotii
402 4011 548 4096 pretium,
572 4013 606 4093 3)
630 4015 787 4097 sponium,
811 4012 847 4096 4]
864 4010 979 4077 nomeu
996 4013 1156 4097 emptoris,
1180 4012 1215 4095 5)
1232 4035 1286 4077 uo·

261 4268 322 4320 ¹cl.
342 4267 449 4335 Mulier,
468 4269 500 4323 G.
519 4271 552 4323 G.
572 4271 634 4323 min.
654 4272 690 4324 ΙΙ.
709 4289 734 4338 ρ.
753 4271 795 4326 57.
816 4271 856 4326 lh.

260 4357 271 4388 ²
289 4357 336 4408 sel.
355 4353 369 4409 ri
388 4357 526 4426 πριάμενος.

260 4439 324 4495 ³cf.
342 4443 473 4495 Doormer
492 4444 549 4511 ,Do
569 4445 733 4499 Graecorum
752 4444 923 4507 sacrificulis,
943 4449 989 4515 qui
1007 4450 1130 4518 ἱεροποιοί
1144 4445 1284 4502 dicuutur“

157 4526 185 4578 in
203 4525 344 4580 Dissertat.
364 4530 458 4597 philol.
479 4533 653 4598 Argentorat.
673 4534 724 4584 rol.
746 4533 814 4585 VIII
833 4551 857 4599 p.
881 4533 918 4586 19.
