3180 5174
667 477 733 568 [15]
1226 491 1265 556 15

237 671 277 738 ad
301 673 335 758 6)
360 671 413 756 (ad
438 672 472 756 7)
518 674 636 747 Quinto
665 676 785 757 (sexto)
817 699 900 741 anno
930 686 1004 761 post
1034 679 1146 744 iterum
1181 683 1267 747 veuit

37 852 39 856 ,
136 780 361 845 sacerdotium.

236 883 277 948 ad
306 884 339 962 8)
371 887 406 963 9)
441 883 494 966 10)
539 883 612 948 Uno
644 883 821 969 eodemque
848 907 931 950 anuo
961 886 1056 951 binae
1083 888 1162 951 fiunt
1191 911 1271 964 ven-¹

135 988 279 1052 ditiones.

237 1091 287 1155 Ex
317 1091 377 1155 hoo
408 1090 510 1154 indice
540 1095 671 1175 apparet
703 1090 899 1176 Erythraeos
929 1094 1110 1158 sacerdotes
1141 1117 1203 1159 non
1234 1099 1265 1159 in

133 1204 253 1263 certum
275 1194 434 1281 quoddam
456 1203 582 1276 tempus
602 1215 671 1258 esse
689 1196 886 1260 constitutos.
934 1196 1027 1269 Quod
1045 1198 1070 1260 si
1085 1199 1129 1262 ita
1145 1199 1266 1283 fuisset,

132 1299 344 1367 sacerdotium
373 1295 543 1380 Ἀχιλλέως,
566 1296 704 1379 Θέτιδος,
729 1301 889 1384 Νηρείίουο
912 1299 1010 1362 altero
1035 1320 1160 1385 qunque
1182 1326 1264 1367 anno

132 1405 236 1471 denuo
260 1402 459 1468 vendendum
483 1402 552 1466 fuit.
597 1402 649 1464 Au
675 1404 840 1487 quisquam
863 1402 916 1467 illa
944 1404 1133 1488 sacerdotia,
1168 1428 1263 1491 quae-

130 1528 252 1591 cunque
277 1527 371 1591 supra
394 1505 646 1583 commemoravi,
669 1507 803 1568 mortuis
827 1506 998 1570 sacerdotii
1019 1514 1162 1592 tempore
1185 1532 1262 1574 non-

132 1612 208 1675 dum
231 1610 359 1694 expleto
384 1607 600 1672 sacerdotibus
624 1608 738 1672 iterum
762 1608 897 1672 veniisse
920 1618 1006 1673 ratus
1035 1613 1127 1676 unius
1155 1611 1264 1696 Ἀφρο-

130 1716 215 1797 δίτης
240 1709 468 1794 Πυθοχρήσοοο
491 1712 701 1774 sacerdotium
724 1732 798 1776 casu
822 1712 959 1796 quodam
980 1715 1116 1798 primum
1131 1717 1163 1779 in
1180 1716 1260 1780 duos

133 1825 265 1899 tantum,
289 1814 402 1879 deinde
424 1815 456 1877 in
479 1814 584 1897 plures
607 1836 707 1878 annos
730 1837 798 1879 esse
821 1816 1020 1881 venditatum
1042 1818 1099 1882 sibi
1133 1840 1261 1903 persua·

134 1921 265 1986 debitt¹

235 2021 421 2086 Sacerdotis
445 2041 530 2100 vero,
561 2041 642 2104 quae
671 2022 729 2084 sub
753 2043 783 2084 n.
807 2024 837 2086 8.
862 2026 890 2086 9.
917 2024 956 2086 10
989 2025 1185 2104 enumeravi,
1218 2025 1258 2088 ad

130 2128 213 2191 hanc
229 2127 445 2211 quaestionem
463 2126 589 2188 omuino
606 2146 667 2187 non
683 2126 853 2209 pertinent.
891 2124 973 2189 Nam
989 2127 1040 2210 qui
1056 2128 1124 2190 fieri
1142 2129 1258 2211 potuit,

130 2238 166 2295 ut
190 2252 252 2294 uno
277 2229 451 2313 eodemque
474 2249 556 2291 anno
579 2228 661 2291 idem
685 2229 896 2292 sacerdotium
918 2229 965 2292 bis
981 2231 1125 2293 veniret?
1165 2231 1258 2305 Quod

132 2335 282 2418 emptoris
304 2335 396 2396 morti
419 2340 474 2395 aut
497 2333 608 2395 exsilio
639 2332 699 2395 illis
728 2334 922 2416 temporibus
955 2354 1015 2397 non
1048 2335 1110 2396 iam
1143 2335 1257 2400 usitato

131 2444 186 2502 aut
209 2437 275 2501 aliis
299 2439 401 2501 causis
424 2436 504 2500 adeo
529 2459 589 2517 nou
614 2436 813 2500 tribuendum
839 2445 895 2519 est,
926 2443 961 2500 ut
992 2445 1101 2500 contra
1131 2440 1185 2502 uni
1217 2442 1259 2503 ei-

135 2542 271 2628 demque
310 2542 369 2605 deo
408 2541 585 2605 sacerdotia
622 2541 719 2605 fuisse
758 2543 931 2626 compluria
968 2541 1170 2606 iudicandum
1209 2545 1257 2608 sit.

130 2647 210 2711 Nam
253 2646 337 2709 idem
376 2643 601 2726 Διονυσόδωρος
639 2642 866 2728 Ἀρουτυμέυου,
904 2647 957 2729 qni
994 2646 1128 2729 primum
1159 2644 1257 2728 Ἥρας

69 2792 72 2797 -
133 2751 258 2826 Τελείας
281 2750 325 2831 (ν.
352 2749 427 2831 128)
452 2749 526 2813 emit
556 2748 780 2831 secerdotium,
809 2750 905 2833 paulo
935 2756 1009 2833 post
1037 2748 1173 2834 quidem,
1202 2751 1257 2814 sed

130 2854 242 2918 eodem
267 2874 360 2935 annu,
384 2851 530 2935 saepius2
553 2851 647 2915 fidem
671 2853 871 2937 interposuit.

230 2958 336 3041 Atque
365 2956 495 3019 eandem
520 2954 635 3035 Ἑρμοῦ
666 2953 823 3036 Ἀγοραίου
853 2956 1018 3020 sacerdotii
1050 2977 1119 3021 esse
1150 2957 1257 3021 condi-

129 3062 250 3124 cionem
274 3083 315 3125 er
338 3059 385 3123 his
416 3061 493 3124 locis
524 3067 630 3143 patet:
676 3058 715 3123 cf.
747 3083 775 3123 v.
801 3063 841 3123 92
864 3081 928 3145 eq:
954 3058 1069 3140 Ἑρμοῦ
1096 3059 1255 3141 Ἀγοραίου

130 3163 217 3245 pist,
241 3161 366 3226 ἐπυίυιον
387 3161 430 3242 μ’,
456 3164 586 3225 Metitur
610 3165 780 3240 Διονυσίου,
804 3161 952 3246 ἐγγυητής
974 3161 1106 3245 Ἄρατος
1125 3169 1256 3248 Μητρο-

129 3265 236 3345 ὃοίρου.
264 3285 291 3330 v,
317 3269 372 3329 101
401 3289 466 3351 sqq.
490 3265 608 3346 Ἑρμοῦ
635 3265 791 3349 Ἀγοραίου
821 3267 887 3350 df,
910 3265 1036 3332 ἐπώνιον
1058 3267 1102 3348 μ’,
1127 3270 1255 3332 Metitur

127 3368 301 3445 Διονυσίου,
333 3367 484 3452 ἐγγυητής
510 3365 677 3445 &sariuntur
702 3373 910 3447 Mevaxtrr'ovc.
945 3369 1165 3457 Compluribus
1198 3372 1255 3455 igi-

124 3480 176 3536 tur
199 3473 288 3535 annis
311 3473 536 3556 praeterlapsis
561 3472 693 3554 Medon,
723 3473 868 3558 Dionysii
899 3475 991 3551 filius,
1023 3475 1104 3539 idem
1137 3476 1252 3539 iterum

126 3576 341 3640 sacerdotium
364 3575 447 3638 emit.
486 3575 626 3648 Quodsi
649 3575 688 3637 de
712 3597 773 3638 uno
791 3577 965 3660 eodemque
981 3583 1130 3659 ageretur
1150 3599 1252 3640 sacer·

124 3679 216 3762 dotio,
240 3678 335 3742 tertio
360 3697 485 3760 quoque
509 3700 591 3742 anno
613 3677 688 3740 illud
712 3679 908 3742 venditatum
931 3700 1000 3744 esse
1031 3701 1161 3744 necesse
1193 3687 1251 3746 est.

226 3783 370 3865 Rayetus
394 3781 570 3845 sacerdotia
592 3781 770 3865 Erythraea
798 3783 836 3844 ad
868 3804 967 3846 unum
997 3784 1102 3845 omnia
1130 3783 1252 3848 heredi·

123 3887 204 3951 taria
226 3888 311 3950 facta
334 3906 403 3948 esse
427 3885 597 3949 contendit.
635 3884 666 3948 A
689 3906 751 3969 quo
781 3887 919 3950 maxime
952 3885 1134 3963 abhorrere,
1166 3888 1250 3970 quod

224 4078 233 4112 ¹
254 4074 334 4136 Quod
353 4091 407 4126 unc
426 4075 484 4126 t'ere
503 4077 530 4124 et
550 4074 644 4152 eodem
667 4079 788 4140 tempore
815 4073 848 4138 (e.
868 4093 894 4142 g.
913 4091 937 4127 v.
956 4075 990 4129 63
1008 4073 1079 4142 sqq.)
1102 4080 1142 4127 tot
1160 4089 1250 4130 sener-

120 4165 195 4216 dotia
213 4164 364 4224 venierunt,
383 4177 436 4211 nnn
456 4160 490 4210 ad
509 4169 582 4211 oertn
602 4176 739 4212 sacrorum
761 4179 900 4213 munerum
920 4163 1066 4213 intervalla
1084 4193 1118 4202 —-
1135 4162 1163 4212 id
1177 4165 1249 4230 quod

120 4253 223 4310 Anthus
249 4252 266 4302 l.
291 4265 313 4300 c.
335 4265 360 4313 p.
379 4245 413 4298 26
431 4263 470 4312 sq.
496 4246 624 4311 opinatur
647 4279 688 4312 -‚
717 4245 766 4298 sed
788 4248 949 4315 plerumque
974 4246 1008 4300 ad
1035 4248 1249 4302 sacerdotiorum

123 4337 307 4389 uenditionem
328 4334 483 4399 nuperrime
502 4333 650 4385 institutam
670 4334 843 4386 referendum
863 4343 918 4400 eat;
938 4334 972 4386 ef.
992 4351 1017 4402 p.
1036 4335 1076 4387 36.

221 4423 285 4478 2cf.
305 4438 328 4472 v.
349 4419 409 4474 143.
430 4418 488 4472 165.
525 4419 582 4472 Huc
602 4421 670 4471 adde
690 4437 714 4472 v.
733 4419 789 4474 152.
