3180 5174
694 535 763 627 [31]
1257 541 1293 606 a

161 731 248 803 urhis
271 735 374 802 salute
409 733 595 800 faciendam.
641 735 691 798 Ex
728 736 837 798 eodem
875 733 1022 798 thesauro
1058 742 1223 799 exetastae
1258 735 1296 798 ad

161 842 337 906 sacerdotis
376 842 599 904 vestimentum
638 846 781 921 sumptus
824 839 997 921 praebeant
1042 845 1175 921 oportet.
1237 840 1298 912 Qui

161 947 281 1009 reditus
304 953 464 1027 augentur
487 944 621 1028 stipibus
644 942 715 1018 illis,
740 963 821 1023 quae
846 963 901 1024 per
924 949 988 1004 tres
1009 942 1158 1004 Heraclei
1182 943 1297 1005 mensis

162 1049 285 1112 diesin
309 1054 394 1111 certa
418 1046 505 1108 urbis
528 1051 618 1129 parte
641 1045 670 1107 ei
693 1043 892 1124 colligendae
915 1052 998 1108 sunt.

266 1177 416 1240 Similiter
439 1181 535 1256 atque
559 1172 831 1235 Halicarnassensi
859 1173 951 1236 titulo
981 1175 1218 1258 promulgatum
1241 1187 1298 1259 est,

163 1280 331 1343 duodecim
373 1278 506 1341 deorum
550 1275 710 1338 sacerdoti
754 1276 928 1338 hostiarum
974 1297 1090 1360 pernae
1133 1278 1298 1362 pellesque

165 1384 355 1447 tribuendae
378 1381 477 1444 suntl.

267 1511 374 1574 Ceteri
397 1510 479 1572 tituli
503 1516 537 1572 ut
560 1507 601 1570 ad
624 1508 827 1571 sacerdotum
846 1510 1059 1571 emolumenta
1076 1510 1299 1590 cognoscenda

164 1615 242 1678 nihil
255 1615 322 1677 fere
335 1613 511 1692 conferunt,
522 1613 566 1673 ita
579 1613 619 1674 ad
632 1611 797 1694 privilegia
810 1610 996 1674 illustranda
1009 1613 1138 1674 maximi
1150 1612 1299 1694 ponderis

163 1726 247 1782 sunt.
287 1715 472 1798 Aesculapii
489 1713 616 1798 quidem
631 1705 788 1776 sacerdoti
806 1715 1007 1796 permittitur,
1026 1722 1060 1776 ut
1076 1736 1152 1798 agro
1171 1717 1298 1799 publico

164 1821 281 1884 circum
305 1819 458 1900 templum
475 1817 536 1878 sito
553 1821 668 1893 utatur,
692 1835 786 1898 quem
802 1816 928 1899 quidem
945 1816 1055 1879 civitas
1070 1818 1139 1900 ipsa
1156 1817 1299 1882 nondum

165 1921 373 2005 usurpaverit.
422 1920 459 1982 In
483 1919 640 1981 honorum
665 1939 741 1981 vero
765 1939 897 1981 numero
921 1919 998 1981 illud
1024 1919 1205 1983 habendum
1229 1943 1300 1985 esse

165 2034 256 2109 puto,
288 2023 373 2108 quod
405 2022 563 2086 sacerdoti
592 2022 826 2104 praescribitur,
855 2027 891 2082 ut
921 2020 1033 2084 diebus
1063 2021 1151 2085 festis
1182 2044 1301 2088 corona

165 2137 297 2191 ornatus
322 2147 471 2190 cenarum
494 2125 692 2208 publicarum
719 2124 877 2206 particeps
903 2123 981 2188 fiat‘2.
1033 2125 1082 2186 Ac
1111 2128 1214 2187 datura
1247 2128 1298 2190 illa

167 2229 307 2310 deprimo,
340 2251 419 2312 quae
448 2230 479 2292 in
510 2228 602 2291 titulo
634 2234 931 2304 commemorantur,
960 2249 1024 2291 non
1053 2228 1091 2290 ad
1124 2229 1299 2292 cotidianas

166 2356 273 2414 cenas,
297 2339 332 2395 ut
355 2330 512 2394 Athenis³
534 2330 759 2412 hierophantes
784 2337 814 2392 et
843 2329 1020 2408 daduchus,
1049 2331 1102 2412 qui
1132 2341 1299 2412 vocantur,

165 2439 197 2500 in
221 2443 376 2519 prytaneo
400 2435 526 2519 publice
551 2434 592 2495 ali
621 2433 774 2505 solebant,
807 2432 861 2495 sed
894 2433 934 2495 ad
969 2435 1064 2517 epula
1095 2435 1154 2496 nisi
1188 2434 1299 2497 diebus

166 2541 256 2602 festis
281 2561 344 2602 non
368 2537 453 2599 edita
476 2544 620 2620 spectare
644 2558 685 2600 ex
708 2541 777 2599 arta.
800 2535 875 2597 illa2
898 2537 1128 2600 sententiarum
1153 2540 1299 2601 coniunc-

164 2644 252 2707 tione
276 2643 392 2704 eluoet.
430 2640 502 2701 Alia
524 2659 620 2723 porro
644 2638 811 2722 privilegia
830 2638 916 2700 velut
939 2641 1085 2722 stipendii
1101 2642 1298 2705 vacationem

166 2745 433 2828 vectigaliumque
462 2742 692 2807 immunitatem
716 2743 796 2804 tituli
821 2743 985 2805 exordium
1010 2745 1205 2806 continuisse
1226 2766 1299 2829 pro·

165 2849 272 2912 babile
297 2856 355 2911 ost.

270 2977 315 3039 Ut
338 2975 521 3055 Aesculapii
544 2974 700 3039 sacerdoti
732 2975 844 3038 diebus
875 2975 962 3038 festis
991 2997 1140 3039 eoronam
1171 2987 1299 3059 gestare

167 3083 251 3161 lieet,
274 3082 319 3142 ita
342 3087 516 3162 mystarum
540 3099 600 3161 ope
618 3078 860 3142 Samothracum
885 3077 1019 3140 deorum
1041 3079 1189 3143 sacerdos
1213 3102 1300 3145 eoro-

166 3185 291 3249 nandus
315 3189 372 3262 est,
396 3203 457 3265 quo
482 3181 532 3244 die
555 3181 622 3243 adit
645 3180 882 3244 sacerdotium4.
934 3180 1018 3244 Nam
1040 3183 1079 3244 ad
1098 3183 1181 3246 lrnnc
1196 3185 1300 3267 ipsum

168 3289 250 3350 diem
275 3285 375 3352 verba
406 3282 445 3346 ίἐν
476 3273 497 3371 ᾖ
526 3283 643 3363 ἱερᾶται
672 3279 779 3370 p'ps'pp'
808 3285 966 3367 pertinere
995 3305 1012 3345 e
1043 3305 1136 3348 versu
1172 3290 1209 3349 l3
1239 3309 1302 3371 sq.:

167 3383 1302 3473 efflfflwffifflnjmwfflmmdmffim.mwQme·

166 3494 276 3556 sertim
301 3491 326 3553 si
350 3491 391 3565 εἷς
414 3487 448 3551 τὸ
472 3488 653 3551 κατάλοιπον
677 3490 853 3573 suppletur,
889 3511 1080 3574 quamquam
1110 3513 1174 3554 una
1197 3494 1302 3558 littera

168 3596 324 3659 excedere
347 3595 408 3657 hoc
430 3575 689 3678 supplementum
713 3595 850 3675 spatium
874 3595 904 3655 in
928 3594 1020 3656 titulo
1038 3595 1188 3660 traditum
1207 3596 1301 3661 Gom·

167 3699 290 3784 peruius
315 3696 457 3759 adnotat.

170 3863 375 3872 -d—-a-—-

272 3957 281 3991 ¹
301 3957 336 4006 cf.
355 3956 395 4007 tir.
414 3956 451 4006 Ia
470 3973 495 4007 v.
514 3956 529 4006 4
550 3971 608 4022 sqq.
628 3957 792 4023 ἕνδασόμενος
808 3957 861 4009 τῶν
878 3960 1014 4025 θυομένων
1032 3963 1113 4013 πάντα
1136 3958 1169 4013 ad
1190 3963 1301 4033 δέρματα

166 4052 205 4098 καὶ
224 4041 268 4104 veie
285 4046 381 4104 κωλέας,
399 4045 446 4094 ὅσα
464 4065 494 4093 κα
512 4047 551 4093 τοὶ
567 4039 672 4111 Ἱερῶται
690 4047 786 4095 erlem
805 4053 857 4103 τοῖς
876 4042 972 4096 δώδεκα
990 4052 1067 4105 θεοῖς.

271 4148 282 4180 ²
301 4146 336 4198 of.
356 4146 398 4196 tit.
418 4145 455 4196 Ib
470 4161 493 4195 V.
507 4146 523 4196 5
536 4159 595 4211 sqq.
614 4155 828 4215 orapnropoprr'rw
841 4148 869 4198 δὲ
882 4145 926 4206 τοὶς
944 4145 1038 4213 dederam
1050 4155 1091 4201 καὶ
1108 4151 1150 4202 lut
1163 4149 1195 4203 ra*
1214 4153 1302 4206 δεῖπνα

167 4230 280 4301 portitat
298 4229 330 4284 cd
349 4227 467 4298 δαμόσια.

271 4333 630 4386 ³moLa1nmn

271 4436 600 4503 ⁴murnr7me
