3180 5174
838 424 906 512 [26]

410 618 516 705 Atque
541 626 574 682 ut
592 619 793 684 Chalcedone
817 622 861 682 ita
878 619 1023 706 Erythris
1047 641 1173 704 quoque
1190 641 1289 702 puero
1313 620 1439 684 licuisse

307 745 411 786 emere
428 723 637 788 sacerdotium
657 744 674 786 e
695 724 780 786 tituli
796 723 845 786 IV
867 743 896 787 u.
920 725 981 785 122
997 730 1113 807 sponte
1135 729 1240 807 patet:
1267 721 1443 802 Διοσκόρων

306 823 473 901 Ἀστύνοος
510 825 654 888 Εὐθύνου
691 829 739 888 καὶ
776 827 936 907 ἐπίτροπος
973 823 1086 888 Noouai
1124 826 1223 906 Σίμου
1259 827 1309 889 καὶ
1343 825 1442 907 κύριος

307 934 447 1004 Νοοοοῦς
479 927 627 1012 Θεόηρων
660 929 852 1012 Δημητρίου.
905 928 972 994 Nec
1004 950 1078 994 vero
1108 932 1211 993 minus
1238 929 1441 992 Chalcedone

306 1033 365 1094 nisi
389 1035 580 1097 assentiente
603 1039 709 1098 tutore
737 1034 768 1095 id
799 1033 866 1096 fieri
901 1054 964 1095 non
997 1035 1140 1117 potuisse
1172 1054 1273 1117 neque
1296 1033 1442 1116 Erythris

306 1133 441 1222 Ἀρτύνην
464 1136 508 1197 illi
530 1157 629 1219 puero
661 1137 788 1200 licuisse
820 1135 998 1200 sacerdotio
1030 1136 1131 1218 fungi,
1165 1135 1248 1220 quod
1282 1135 1443 1199 nonnullis

306 1239 396 1300 annis
420 1243 518 1304 ante¹
541 1239 637 1302 homo
662 1240 711 1302 sui
733 1241 808 1302 iuris
833 1241 968 1319 emisset,
992 1241 1060 1324 quis
1085 1261 1145 1303 non
1169 1239 1345 1302 fatebitur?

409 1343 545 1405 Prorsus
563 1342 690 1407 diversa
707 1349 755 1406 est
771 1342 914 1406 condicio
928 1353 961 1406 et
973 1343 1140 1407 duodecim
1154 1351 1186 1405 el:
1199 1341 1442 1406 Samothracum

308 1445 438 1509 deorum
461 1445 736 1526 sacerdotiorum,
761 1467 841 1528 quae
866 1446 1061 1532 emptoribus
1085 1446 1160 1530 ipsis
1178 1444 1326 1510 obeunda
1343 1453 1442 1509 erant.

411 1548 627 1612 Halicarnassi
655 1555 760 1611 autem
785 1555 816 1612 et
838 1550 906 1612 viro
931 1555 961 1612 et
985 1549 1108 1612 mulieri
1131 1549 1254 1612 Dianae
1277 1548 1441 1628 Pergaeae

308 1652 521 1717 sacerdotium
545 1673 650 1716 emere
673 1653 810 1732 licuisse,
833 1653 888 1724 sed
911 1651 1046 1735 emptori
1070 1650 1222 1714 feminam
1245 1649 1441 1714 sacerdotem

307 1756 533 1820 instituendam
570 1755 669 1819 fuisse
711 1777 751 1818 en
787 1756 1029 1838 Dittenbcrgeri
1071 1754 1292 1837 supplemento
1337 1750 1442 1834 (initio

308 1881 338 1922 v.
374 1857 407 1939 5)
441 1857 602 1938 πριάμενος
636 1865 785 1942 apparet:
819 1857 880 1939 [ὁ]
913 1863 1074 1939 πριάμενος
1108 1856 1167 1938 την
1199 1855 1350 1938 ἱερητείαν
1384 1861 1442 1942 της

307 1959 481 2042 Ἀρτέμιδος
517 1968 572 2044 τῆς
606 1962 761 2042 Περγαίας
797 1961 955 2041 παρέξεται
991 1959 1101 2042 ἱέρειαν
1138 1956 1235 2040 dordr
1268 1957 1300 2032 ἔξ
1337 1957 1442 2020 ἀστῶν

308 2063 493 2147 ἀμηοτὲρων
526 2066 575 2128 ἐπὶ
607 2071 686 2146 τρεῖς
720 2064 822 2146 γενεὰς
855 2067 1055 2146 γεγενημένην
1085 2065 1133 2126 καὶ
1163 2059 1237 2141 προς
1258 2059 1369 2142 πατρὸς
1392 2061 1441 2122 καὶ

307 2163 383 2246 πρὸς
414 2165 542 2249 μητρός,
578 2165 597 2250 η
630 2169 661 2231 δὲ
686 2165 835 2250 πριαμένη
870 2165 1018 2248 laudemur
1052 2164 1103 2229 ἐπὶ
1137 2166 1214 2246 ζωῆς
1246 2166 1300 2246 τῆς
1335 2161 1441 2245 αὐτῆς.

307 2270 464 2334 Boeokhii
479 2272 573 2334 lectio
590 2269 739 2353 πριαμένη
763 2291 791 2334 v.
815 2274 833 2334 5
852 2271 918 2333 sine
937 2270 1033 2333 dubio
1050 2266 1248 2353 repudianda
1263 2273 1322 2330 est.
1348 2265 1442 2338 Quod

308 2368 1441 2456 wfflKfflwwMUffinjfflQmmfflffwQQffig

309 2477 463 2558 ,Περγαίας
484 2475 682 2558 [ἐνδ]ἕξετα[ι
698 2474 830 2558 θέρων
851 2475 1018 2559 legendum
1042 2472 1231 2559 proposuit3,
1256 2495 1275 2535 a
1294 2472 1442 2536 sollemni

309 2580 465 2642 eiusmodi
475 2579 675 2644 decretorum
687 2601 832 2643 sermone
842 2579 918 2641 illud
932 2575 1083 2652 ἐνδέξεται
1094 2577 1229 2640 alienum
1243 2597 1313 2639 esse
1322 2575 1443 2638 Ditten-

308 2683 460 2766 bergerus
494 2691 618 2764 mouet,
650 2704 743 2766 quem
774 2683 879 2766 ipsum
909 2679 1156 2744 sacerdotiorum
1189 2677 1273 2760 apud
1304 2677 1443 2740 Graecos

309 2786 582 2849 coacervationem
595 2783 680 2849 haud
693 2785 878 2848 inusitatam
889 2783 987 2846 fuisse
1001 2781 1127 2845 videtur
1139 2780 1268 2862 fugisse.
1292 2779 1383 2843 idern
1397 2779 1441 2840 vir

309 2889 420 2952 doctus
436 2888 580 2973 Erythris
604 2888 736 2952 eandem
754 2890 866 2970 legem,
891 2887 988 2970 siqui
1009 2886 1057 2947 vir
1071 2885 1287 2948 sacerdotium
1303 2883 1441 2963 emisset,

310 3000 346 3055 ut
380 2993 530 3056 feminam
562 2993 743 3056 institueret
772 2990 987 3070 sacerdotem,
1022 2989 1159 3051 valuisse
1189 2988 1307 3049 frustra
1336 2984 1443 3047 studet

309 3095 551 3160 demonstrarel.
599 3096 682 3159 Sane
705 3096 819 3158 mirum
844 3101 938 3175 esset,
961 3093 987 3156 si
1005 3091 1149 3176 Erythris
1181 3091 1317 3154 feminae
1340 3109 1444 3152 sacer-

310 3198 401 3261 dotes
418 3219 480 3262 non
497 3198 640 3262 fuissent.
676 3199 745 3270 Quo
764 3202 871 3259 autem
882 3202 1072 3277 argumento
1090 3215 1165 3256 usus
1177 3191 1442 3273 Dittenhergerus

311 3301 415 3362 omnia
431 3299 681 3384 Erythraeorum
697 3298 875 3362 sacerdotia
898 3298 928 3358 in
947 3297 1007 3359 hoc
1023 3294 1127 3357 indice
1143 3293 1320 3356 enumerari
1338 3297 1441 3377 putet,

310 3405 425 3469 neseio.
470 3405 571 3467 Unius
596 3403 725 3488 quidem
749 3402 840 3482 deae,
864 3401 997 3483 quaein
1021 3397 1082 3462 hoc
1105 3398 1197 3462 titulo
1221 3418 1283 3458 non
1308 3414 1443 3459 comme-

309 3514 462 3588 moratur,
499 3504 668 3588 Ἀθηναίης
706 3502 856 3578 Πολιάδος
895 3501 979 3586 apud
1020 3501 1217 3585 Erythraeos
1255 3499 1375 3560 cultum
1413 3502 1444 3557 et

309 3610 412 3672 tituli5
442 3616 474 3672 et
497 3609 695 3672 Pausanias6
726 3615 757 3670 et
780 3605 922 3669 nummi⁷
955 3609 1120 3666 testantur.
1166 3601 1269 3663 Immo
1299 3618 1372 3661 vero
1403 3619 1441 3660 ex

311 3733 348 3776 eo
372 3713 452 3796 ipso,
475 3711 560 3796 quod
584 3733 625 3774 ne
647 3731 712 3773 una
735 3709 860 3794 quidem
884 3707 997 3772 mulier
1020 3727 1077 3789 pro
1101 3725 1135 3767 se
1157 3705 1225 3787 ipsa
1242 3701 1316 3765 emit
1339 3720 1441 3764 sacer-

415 3941 424 3974 ¹
445 3939 479 3990 cf.
499 3939 540 3989 tit.
561 3938 600 3989 IV
619 3954 645 3988 v.
665 3937 688 3987 7.

414 4027 424 4058 ²
443 4025 478 4076 cf.
498 4025 539 4076 tit.
558 4023 607 4074 Ia.
627 4023 663 4073 ΙΙ.

414 4111 423 4144 ³
443 4109 476 4162 cf.
496 4110 513 4160 l.
533 4126 555 4160 c.
575 4125 599 4173 p.
619 4106 677 4160 618.

413 4197 477 4248 ⁴cf.
498 4196 590 4246 Herm.
609 4193 676 4245 XVI
695 4209 720 4259 p.
741 4193 797 4246 170.

413 4283 476 4333 5cf.
495 4280 533 4330 Le
551 4277 720 4331 Bas-Wadd.
741 4280 786 4330 As.
807 4277 868 4327 min.
888 4275 930 4329 38.

414 4366 424 4401 θ
443 4366 477 4417 cf.
498 4365 636 4430 v115,4.

414 4456 423 4490 ⁷
443 4453 479 4504 cf.
497 4451 628 4503 Mionnet.
648 4449 717 4502 med.
736 4467 776 4515 gr.
796 4451 838 4503 III
859 4449 915 4502 127.
933 4449 985 4501 474
1004 4464 1043 4515 sq.
