3180 5174
323 536 360 606 ra
686 516 689 524 ’
854 523 923 619 [18]

320 729 507 795 venderent.
552 725 653 791 Immo
676 743 751 788 vero
778 726 875 789 verba
898 726 952 787 illa
976 723 1151 809 composita
1180 762 1210 769 —
1238 723 1268 789 id
1301 722 1385 810 quod
1416 746 1456 790 ex

319 836 388 898 aliis
431 830 661 913 (ἐπιλαιιβυίυω,
704 832 918 909 ἐπιμανθάνω,
962 830 1246 910 ἔπιπαρασκευάζω,
1285 828 1457 908 gniritone,

320 940 461 1001 ἕπιποιέω
506 941 555 998 etc
539 933 582 1015 c.)
628 933 733 998 verbis
780 954 850 996 cum
896 934 1134 1016 praepositione
1179 933 1230 996 ἐπί
1273 935 1457 1017 compositis

318 1046 513 1124 appart-e
477 1037 629 1100 -de'
610 1058 647 1099 ns
672 1035 731 1098 dici
754 1043 898 1117 possunt,
923 1037 976 1118 qui
999 1044 1053 1098 aut
1080 1035 1221 1118 1)idem
1244 1037 1454 1099 sacerdotium

319 1142 423 1205 denuo
449 1147 558 1205 emunt
573 1149 628 1202 aut
651 1136 687 1220 2)
703 1145 831 1222 praeter
846 1138 1066 1220 sacerdotium,
1091 1139 1177 1222 quod
1193 1140 1279 1223 prius
1302 1147 1454 1219 emerunt,

310 1245 453 1307 'alterum
476 1246 522 1307 ita
554 1247 673 1324 emunt,
701 1251 736 1304 ut
767 1242 982 1324 compluribus
1008 1244 1149 1326 praesint
1172 1242 1368 1321 sacerdotiis,
1400 1248 1456 1304 aut

321 1348 355 1428 3)
374 1348 582 1410 coustitutum
607 1345 776 1408 sacerdotii
792 1345 930 1428 pretium
945 1345 1016 1427 plus
1034 1341 1156 1409 licendo
1173 1353 1303 1427 augent.
1337 1343 1455 1407 Civitas

319 1469 394 1512 vero
411 1455 518 1512 utrum
533 1448 651 1512 vendat
666 1469 775 1526 necne,
799 1448 838 1510 ad
856 1449 939 1511 hanc
962 1447 1001 1510 de
1025 1469 1087 1532 qua
1109 1447 1214 1530 agitur
1235 1447 1453 1531 quaestionem

323 1553 449 1614 omnino
476 1572 538 1615 non
562 1551 707 1634 pertinet.

421 1654 531 1737 Atque
554 1655 688 1734 primam
711 1654 814 1733 trium,
839 1674 917 1736 quas
933 1655 1096 1737 proposui,
1121 1654 1208 1716 verbi
1232 1651 1455 1732 ἐπιπιπράσκειν

320 1757 611 1840 interpretationem
635 1758 661 1818 si
684 1763 769 1818 tuam
793 1756 914 1832 feceris,
944 1777 972 1818 r.
1000 1760 1069 1834 107,
1099 1756 1139 1818 de
1162 1776 1223 1837 quo
1255 1757 1361 1838 supra¹
1394 1756 1454 1837 egi,

322 1859 382 1921 hoc
406 1858 472 1921 fere
503 1859 598 1920 modo
628 1859 885 1942 interpretandus
917 1860 991 1922 erit:
1024 1858 1058 1921 si
1089 1859 1253 1940 sacerdos,
1284 1861 1335 1942 qui
1366 1880 1455 1923 sacro

319 1963 445 2024 muneri
482 1969 625 2046 praeest,
670 1963 753 2024 idem
794 1962 1005 2026 sacerdotium
1040 1963 1156 2024 iterum
1193 1970 1356 2046 empturus
1397 1968 1456 2040 est,

321 2063 348 2126 ei
373 2065 504 2145 iterum,
537 2067 584 2126 sin
608 2066 728 2142 miuus,
756 2065 847 2128 alteri
871 2065 976 2141 venit,
1011 2066 1029 2128 i.
1055 2087 1081 2128 e.
1110 2065 1267 2128 sacerdoti
1298 2065 1330 2126 id
1360 2064 1455 2147 privi-

320 2165 437 2248 legium
461 2167 563 2241 datur,
593 2174 627 2230 ut
652 2175 737 2230 certo
762 2166 929 2231 sacerdotii
953 2167 1092 2230 obeundi
1115 2174 1255 2249 tempore
1281 2167 1453 2249 praeterito

320 2289 396 2350 prae
414 2271 528 2333 ceteris
545 2270 629 2332 idem
646 2271 857 2333 sacerdotium
874 2271 901 2332 ei
919 2291 1022 2333 emere
1038 2271 1141 2333 liceat.
1172 2270 1450 2352 Quotienscunque

319 2371 417 2451 igitur
447 2372 636 2452 ἐπιπρὰσεις,
667 2383 702 2436 ut
733 2373 793 2438 hoc
825 2373 923 2438 verbo
950 2381 1036 2453 utar,
1070 2375 1162 2451 fiunt,
1192 2374 1244 2455 qui
1275 2377 1453 2455 postremus

320 2475 499 2538 sacerdotio
523 2476 649 2539 functus
672 2485 729 2555 est,
753 2479 779 2540 is
803 2477 906 2540 denuo
930 2477 961 2538 id
986 2478 1098 2540 emerit
1113 2497 1244 2540 necesse
1262 2483 1318 2540 est.
1359 2473 1453 2548 Quod

320 2577 416 2659 longe
439 2579 532 2641 aliter
555 2601 590 2641 se
613 2580 719 2644 habet.
764 2580 845 2643 Nam
868 2582 1003 2663 primum
1020 2579 1139 2656 Ἑστίας
1160 2579 1328 2658 Tenentur2
1350 2599 1453 2642 sacer-

322 2680 452 2758 dotium,
475 2681 560 2763 quod
585 2683 631 2746 bis
666 2683 814 2766 deinceps
837 2680 1096 2761 ἕπιπιπράσκεται,
1127 2683 1213 2765 prior
1246 2683 1321 2745 emit
1348 2679 1450 2743 Ἀντί-

321 2809 432 2864 πατρος
462 2781 715 2867 Ἀπολλοδώρου
750 2785 864 2848 deinde
893 2783 1036 2865 'Irpoirerg
1062 2784 1103 2847 ‘e'l
1089 2811 1206 2865 ε.ρωνος
1259 2783 1455 2862 Aroouo'pror3

320 2907 415 2969 porro
440 2887 663 2969 sacerdotium,
690 2888 827 2971 quodv.
853 2892 870 2951 7
894 2886 1039 2970 Ηνιόχου
1070 2888 1151 2950 filius
1182 2895 1311 2967 emerat,
1341 2894 1454 2970 postea

316 2985 458 3050 'Acerina
490 2988 681 3052 Eoo-tvov'
666 2989 922 3070 snrnrupor'orrerur.
972 2990 1118 3073 Denique
1148 2991 1247 3072 prima
1280 2989 1334 3051 illa
1368 2990 1454 3052 verbi

322 3087 546 3171 ἕπυιιπράσκειν
568 3093 744 3177 interpreta
747 3094 790 3155 tio
747 3094 866 3156 trel
888 3094 959 3156 ideo
983 3093 1179 3175 repudianda
1196 3101 1251 3169 est,
1273 3092 1357 3176 quod
1374 3091 1454 3175 Ery-

322 3192 505 3255 thraeorum
527 3194 705 3257 sacerdotia
729 3195 856 3259 omnino
884 3217 949 3258 non
979 3196 1010 3258 in
1043 3203 1146 3259 certos
1176 3217 1275 3259 anuos
1306 3194 1455 3258 mandata

322 3315 391 3357 esse
414 3294 514 3378 prima
537 3296 754 3380 paragraphus
779 3297 882 3361 docet.

425 3397 494 3461 Iam
511 3398 644 3461 alteram
663 3401 958 3482 interpretationem
978 3401 1204 3479 examinemus,
1225 3421 1287 3482 qua
1299 3400 1454 3480 ἐπιπιπρά-

323 3524 405 3562 castr
427 3500 467 3562 ad
490 3501 567 3563 illud
597 3502 769 3586 compluria
799 3502 974 3566 sacerdotia
1004 3524 1067 3565 uuo
1103 3503 1278 3586 eodemque
1311 3507 1456 3586 tempore

323 3601 461 3665 obeundi
484 3603 531 3666 ius
553 3603 718 3668 referatur.
757 3605 870 3689 Itaque
887 3627 957 3668 eum
975 3605 1151 3668 sacerdotia
1170 3606 1210 3668 ad
1228 3606 1312 3670 vitae
1328 3614 1454 3689 tempus

323 3704 430 3767 vendit
419 3711 484 3768 tata
500 3727 570 3770 esse
585 3706 730 3771 demonst
718 3709 904 3770 traverimus
907 3708 1113 3793 ,ubicunque
1129 3709 1267 3792 aliquem
1280 3709 1453 3793 compluria

321 3809 476 3872 sacerdot
455 3815 499 3872 tra
515 3811 628 3874 emisse
644 3822 743 3874 const<
736 3812 783 3875 ,p
784 3810 957 3892 ,ἵερητειάς
969 3817 1042 3896 post
1044 3834 1082 3875 ea
1097 3819 1221 3895 emptas
1237 3812 1454 3893 Eurnpodrt'oog

424 4036 432 4068 ¹
454 4033 488 4084 cf.
507 4049 532 4098 p.
553 4035 592 4086 11.

424 4118 635 4172 ²mudffl

424 4204 487 4256 ³ct.
505 4221 530 4256 v.
550 4205 573 4256 7.
594 4205 652 4258 122.

423 4290 435 4324 ⁴
460 4291 531 4342 Huic
559 4293 773 4344 sacerdotiorum
804 4298 941 4361 tamquam
973 4296 1177 4348 coacervationi
1207 4312 1274 4346 cave
1303 4295 1453 4344 immisceas

321 4373 478 4426 sacerdotia
498 4372 523 4439 1)
538 4375 690 4436 ’Λπόλλωνος
703 4384 853 4437 Καυκασέως
870 4386 909 4430 καὶ
920 4378 1064 4447 Ἀρτέμιδος
1076 4379 1236 4437 Καυκασίδος
1249 4386 1289 4430 καὶ
1303 4379 1453 4438 Ἀπόλλωνος

321 4467 433 4513 Λυκείου
451 4467 490 4512 καὶ
507 4461 658 4523 ’Λπόλλωνος
676 4469 770 4530 Δηλίου
788 4469 827 4514 καὶ
852 4466 971 4531 ποταμοῦ
992 4464 1118 4524 ’Λλέοντος
1137 4481 1160 4515 v.
1183 4465 1213 4517 19
1231 4481 1300 4531 sqq„
1327 4461 1356 4526 2)
1375 4462 1455 4529 Ζηνός

323 4546 426 4612 Φημἰὀυ
444 4551 484 4597 καὶ
507 4545 613 4612 'Adnuit
633 4554 731 4614 Φημίιις
753 4564 777 4598 V·
796 4548 830 4600 ς26
849 4565 904 4614 sq„
930 4549 959 4611 3)
985 4547 1045 4608 Διδς
1067 4549 1260 4620 Ἀποτροπαίου
1282 4557 1323 4602 καὶ
1344 4548 1454 4615 Ἀθηνᾶς
