3180 5158
323 487 361 550 14
848 472 915 564 [14]

321 677 473 742 hocloco
505 675 663 740 immorari
697 696 777 758 opus
809 694 871 737 non
901 680 957 736 est.
1003 671 1039 735 In
1069 671 1159 737 titulo
1191 671 1234 736 Ib
1268 695 1342 738 vero
1373 675 1448 740 illud

319 777 651 862 ἀκ[αλώς1πελα’]ζειν
681 797 845 860 perperam
878 797 897 838 s
929 775 1037 840 Curtio
1067 798 1136 840 esse
1167 779 1348 861 suppletum
1379 781 1448 863 quis

321 890 369 946 est
392 883 445 967 qui
467 883 585 963 neget?
622 880 730 964 Atque
752 877 871 954 ἄκαλῶς
891 879 1017 963 quidem
1036 879 1165 942 verbum
1182 888 1247 943 tem
1263 882 1448 947 inusitatum

321 993 378 1066 est,
410 991 445 1048 ut
474 987 628 1048 alaouna
658 982 816 1066 explenda
845 982 1005 1045 abstinere
1035 983 1158 1061 malim3
1192 985 1297 1049 neseio
1330 992 1447 1068 tamen,

322 1112 361 1154 an
384 1087 497 1168 ἀκμαῖα
521 1094 575 1151 ant
604 1085 721 1166 ἔκκριτοι
750 1085 968 1169 temptandum
999 1087 1049 1149 sit.
1083 1086 1146 1149 Pro
1178 1086 1314 1164 πελάζειν
1343 1096 1448 1154 autem

320 1191 453 1275 ἁγιάζων
478 1193 527 1256 vel
558 1192 681 1275 potius,
713 1211 783 1253 oum
815 1188 947 1270 ἁγιάζων
979 1191 1017 1253 ad
1050 1191 1221 1255 inferorum
1254 1191 1385 1256 deorum
1417 1203 1448 1259 et

321 1298 453 1360 heroum
476 1295 627 1358 sacrificia
649 1300 794 1376 spectare
818 1294 930 1376 soleat,
954 1293 1081 1377 σφάζειν
1103 1294 1274 1378 legendum
1294 1317 1448 1380 propono.

786 1539 989 1548 *ῳ*-

321 1765 361 1847 Β.
399 1763 456 1846 DE
483 1763 587 1846 IPSA
616 1761 882 1846 enodarunt
910 1762 1138 1844 nutrioris
1159 1761 1444 1847 vunnlnotvn.

849 1947 866 2030 ξ
895 1953 922 2012 1.

508 2115 555 2165 DE
581 2113 779 2167 SAGRORUM
801 2112 984 2164 MUNERUM
1007 2113 1258 2165 INTERVALLIS.

425 2234 568 2319 Erythris
592 2235 726 2316 primuni
748 2244 823 2317 quot
839 2236 869 2297 iu
887 2255 983 2297 annos
999 2235 1155 2297 venierint
1170 2235 1356 2316 sacerdotia,
1377 2261 1447 2303 oum

322 2359 520 2424 quaeramus,
545 2360 581 2400 ea
604 2338 753 2419 maxime,
777 2358 857 2419 quae
881 2357 943 2399 non
960 2338 1057 2400 semel
1072 2337 1233 2401 venditata
1252 2361 1321 2404 esse
1338 2342 1447 2407 titulus

323 2441 426 2521 docet,
449 2439 645 2524 respicienda
667 2447 748 2502 sunt.
794 2437 978 2502 Cuiusmodi
1002 2439 1179 2502 sacerdotia
1202 2451 1276 2505 sunt
1300 2443 1392 2509 haec:

429 2541 460 2626 1)
479 2541 663 2627 Ἀφροδίτης
686 2540 923 2625 Πυθοχρῆστου.
947 2565 976 2605 v.
1002 2545 1050 2606 74.
1079 2579 1125 2607 -.
1151 2545 1221 2609 161.

484 3271 554 3332 115.

426 3370 573 3452 8)Ἥρας
600 3374 729 3448 Τελείας.
753 3394 781 3435 V.
806 3375 875 3436 128.
904 3373 972 3436 134.

427 3473 461 3557 9)
486 3472 693 3555 Κορυβάντων
717 3473 924 3558 Εὐφρονιείων
946 3477 994 3536 καὶ
1017 3474 1163 3538 (tardor.
1187 3497 1216 3540 v.
1242 3480 1292 3540 95.

570 3615 610 3624 -
719 3576 884 3657 Ἀνδρείων.
910 3601 939 3641 v.
964 3579 1014 3642 97.

570 3713 609 3724 —-
719 3680 866 3756 Θαλείων,
890 3678 1064 3760 Ἀνὸρείων.
1087 3704 1117 3744 v.
1146 3685 1212 3746 105.

409 3784 464 3868 10)
489 3784 683 3865 ΙΙροκυκλίων
707 3789 797 3845 θεῶν.
821 3805 850 3846 v.
875 3786 946 3847 131.
974 3787 1042 3849 136.

426 3890 464 3952 ad
492 3888 525 3967 1)
571 3887 657 3949 inter
679 3886 811 3969 primam
836 3895 867 3950 et
890 3888 1021 3950 alteram
1043 3888 1254 3952 venditionem
1270 3889 1343 3973 duo,
1367 3890 1447 3954 inter

322 3994 453 4058 alteram
477 3999 508 4054 et
531 3990 653 4053 tertiam
677 3994 741 4051 tres
764 3989 837 4051 anni
858 3990 1066 4054 intercedunt.

426 4095 466 4158 ad
491 4094 526 4175 2)
570 4092 652 4173 Hoo,
684 4093 723 4155 de
752 4114 813 4177 quo
845 4095 958 4178 agitur,
989 4096 1200 4160 sacerdotium
1230 4097 1374 4181 proxime
1403 4117 1448 4160 se·

324 4200 431 4285 quenti
456 4218 538 4260 anuo
563 4198 676 4260 iterum
701 4199 796 4262 venit.

426 4302 464 4364 ad
491 4304 526 4379 3)
550 4301 589 4364 ad
614 4303 647 4382 5)
693 4302 856 4366 Posterior
879 4301 1018 4367 venditio
1041 4325 1060 4366 a
1082 4305 1186 4388 priore
1208 4303 1333 4367 duobus
1360 4303 1448 4367 annis

325 4407 430 4471 distat.

427 4507 466 4574 ad
489 4505 525 4594 4)
569 4505 648 4571 Post
672 4509 779 4572 decern
803 4529 903 4574 annos
928 4510 1029 4574 altera
1052 4510 1087 4572 fit
1109 4508 1258 4574 venditio.
