3180 5174
707 934 1041 1018 sacculorum.

849 1174 889 1237 A.

401 1312 449 1361 DE
469 1311 649 1362 FONTIBUS
689 1349 1237 1364 ..........
1290 1331 1316 1380 p.
1352 1314 1439 1368 6-14

341 1411 361 1457 l.
400 1406 459 1466 Qua
479 1410 570 1456 aetate
590 1407 688 1456 tituli'
682 1407 759 1456 incisi
779 1407 832 1456 sint
870 1444 1239 1458 .......
1300 1449 1312 1472 ‚,

302 1405 318 1564 Ξ
338 1501 362 1550 2.
400 1501 517 1551 Undeti
520 1501 569 1550 tuli
588 1500 694 1551 oriundi
714 1501 767 1550 sint

304 1595 318 1658 ἓ

304 1689 318 1752 i

337 1595 361 1647 3.
400 1597 432 1646 Iu
451 1613 517 1662 quas
537 1597 679 1647 classesti
682 1598 731 1646 tuli
751 1597 929 1662 dispertiendi
948 1596 1002 1648 sint
1052 1637 1057 1647 .
1112 1636 1117 1648 .
1172 1637 1178 1648 .
1233 1636 1238 1648 .
1300 1637 1311 1662 „

338 1691 362 1740 4.
399 1689 578 1749 Quaestioncs
597 1691 793 1758 epigraphicae
1092 1691 1095 1696 “

396 2025 443 2075 ΒΕ
463 2025 545 2076 IPSA
564 2025 786 2077 SACERDOTII
806 2026 994 2078 EMPTIONE
1011 2025 1239 2079 VENDITIONE
1297 2067 1309 2093 „
1335 2029 1440 2081 14-39

303 2119 317 2183 ξ
340 2122 360 2170 l.
397 2120 437 2170 De
457 2136 595 2171 sacrorum
614 2137 754 2171 munerum
773 2122 925 2172 intervallis

302 2213 359 2277 §2
397 2214 475 2274 Quod
494 2216 639 2266 discrimen
657 2216 811 2266 intercedat
836 2216 907 2265 inter
933 2215 1078 2284 πιπράσκειν
1104 2222 1131 2266 et
1156 2219 1238 2268 ἐπιπι·

456 2309 549 2377 πρᾶσκε
551 2333 1235 2361 .............
1296 2351 1308 2375 „
1335 2310 1364 2361 17

301 2402 359 2467 ἓ3.
395 2403 436 2454 De
455 2403 670 2454 sacerdotiorum
689 2405 785 2469 pretiis
804 2404 994 2470 eponiisque.
1047 2443 1053 2454 .
1108 2444 1113 2455 .
1167 2443 1173 2455 .
1227 2443 1233 2456 .
1295 2403 1363 2470 „⁶22

301 2497 358 2562 §4
396 2499 436 2548 De
456 2499 622 2564 emptoribus
685 2535 1305 2564 ...........
1330 2498 1363 2551 25

301 2591 358 2655 §b
397 2593 472 2653 Quae
508 2593 629 2642 rationes
666 2593 872 2643 intercesserint
914 2594 984 2644 inter
1019 2594 1236 2658 Erythraeorum

454 2687 670 2738 sacerdotiorum
689 2691 825 2751 emptores
844 2691 871 2738 et
890 2688 1006 2751 praedes
1047 2727 1053 2739 .
1107 2726 1113 2738 .
1167 2726 1172 2737 .
1227 2727 1233 2738 .
1295 2689 1363 2751 η2Ῑ

300 2781 359 2846 56.
395 2783 436 2832 De
456 2781 628 2832 sacerdotum
647 2782 834 2832 emolumentis
853 2782 1060 2849 privilegiisque
1109 2821 1114 2832 .
1169 2821 1174 2833 .
1229 2821 1234 2832 .
1295 2781 1364 2848 „30

300 2875 358 2940 §7-
394 2878 436 2927 De
455 2877 627 2927 sacerdotum
647 2876 742 2927 officiis
1294 2876 1364 2942 „32

300 2968 358 3033 §8-
394 2971 435 3020 De
454 2970 569 3036 publicis
589 2977 615 3021 et
634 2971 748 3035 privatis
768 2971 928 3020 sacerdotiis
986 3008 1232 3022 .....
1294 2971 1305 3036 ’,,
1329 2971 1362 3022 34

299 3065 356 3128 §a
394 3064 453 3124 Qua
479 3070 570 3115 aetate
598 3065 744 3115 sacerdotii
772 3065 872 3130 emptio
902 3065 1021 3115 venditio
1051 3069 1125 3129 nata,
1153 3082 1234 3132 quam

453 3160 509 3210 lete
528 3165 691 3225 propagata,
711 3159 885 3225 quamobrem
904 3159 1028 3209 institute
1047 3159 1112 3209 sit.
1167 3197 1173 3210 .
1227 3198 1233 3210 .
1293 3159 1382 3224 „36.

393 3331 619 3383 APPENDICES
1290 3372 1302 3398 „
1328 3331 1362 3384 39

324 3428 357 3479 A.
394 3427 435 3478 De
455 3427 568 3477 deorum
587 3427 614 3476 in
633 3427 786 3492 Erythraeo
807 3427 886 3476 titulo
906 3427 1110 3492 cognominibus
1165 3465 1171 3477 .
1225 3466 1231 3478 .
1293 3425 1362 3492 „39

328 3523 357 3573 B.
395 3522 478 3572 Tituli
504 3557 1230 3572 .............
1292 3519 1361 3586 „44

328 3616 356 3667 0.
393 3616 479 3667 Index
498 3616 617 3678 deorum,
637 3631 847 3680 quorumsacra
866 3615 994 3666 venibant
1042 3654 1048 3665 .
1103 3653 1108 3664 .
1163 3653 1169 3664 .
1224 3654 1228 3664 .
1291 3613 1359 3678 „53

324 3711 357 3761 D.
393 3711 480 3761 Index
497 3711 719 3774 Erythraeorum,
742 3725 854 3776 quorum
873 3710 899 3759 in
919 3710 998 3760 titulo
1019 3709 1058 3759 IV
1076 3710 1177 3759 mentio
1200 3693 1253 3758 fit*
1290 3707 1359 3773 „54
