3180 5174
329 461 367 525 ιι
689 457 690 460 ‘
854 460 923 550 [ιι]
978 507 980 510 -

330 662 454 738 ,tantus
470 654 717 721 sacerdotiorum
739 673 889 721 numerus
913 659 1028 742 exiguo
1048 659 1199 744 temporis
1217 659 1318 745 spatio
1334 661 1365 725 in
1382 659 1455 726 civi·

327 767 393 825 tate
416 759 567 824 mediocri
582 757 747 841 venierit“,
770 761 1036 845 Dittenbergerus
1059 766 1136 828 scite
1160 774 1276 830 monet.
1313 765 1350 828 In
1371 767 1455 829 hunc

328 885 466 928 errorem
476 863 642 948 ¹Rayetum
658 864 820 928 induxisse
838 865 983 930 videntur·
1000 866 1209 944 διασυστοίσεις
1224 870 1305 948 illae,
1322 890 1453 954 quarum

327 969 445 1031 mentio
467 965 517 1030 fit:
563 964 595 1049 Ι)
620 989 647 1031 V.
674 969 712 1029 15
737 989 802 1051 sqq.
828 970 1082 1049 Δαμασίστρατος
1097 969 1309 1051 Ἑκατωνιίμου
1332 971 1455 1036 Ἑκατω-

328 1070 413 1158 νύμῳ
433 1068 690 1151 Δαμασιστράτου
713 1074 945 1154 διασυνέοτησεν
967 1071 1126 1156 ἱερητείαν,
1151 1073 1187 1158 ἠν
1209 1073 1384 1156 ἐπηγοροίκει
1407 1077 1457 1139 ἐπὶ

328 1177 359 1237 Δ
368 1224 525 1240 .........
542 1172 702 1256 Βάκχωνος
718 1171 765 1257 ἐφ’
783 1172 934 1252 ἱεροποιοῦ
945 1177 1152 1258 Πυθοκρίτου,
1167 1175 1353 1254 Ἀπόλλωνος
1369 1181 1456 1241 Καυ-

326 1278 438 1356 κασίως
466 1283 513 1342 καί
543 1277 716 1359 Ἀρτέμιδος
749 1281 941 1356 Καυκαοίδος
964 1283 1012 1344 καί
1034 1279 1224 1359 Ἀπόλλιυνσς
1247 1285 1381 1346 Λυκείου
1404 1285 1455 1347 καί

325 1381 513 1458 Ἀπόλλωνος
535 1383 650 1463 Δηλίου
672 1383 720 1444 καί
744 1390 884 1462 ποταμοῦ
913 1381 1067 1460 Ἀλέοντος
1098 1384 1168 1462 σκί,
1201 1385 1327 1450 ἕπώνιον
1357 1387 1384 1464 ι’,
1408 1389 1455 1468 ἐγ-

327 1486 438 1570 γυητης
457 1485 642 1562 Ἐπίπτωτος
658 1486 899 1568 Καλλιστράτου.
932 1488 980 1568 ΙΙ)
993 1512 1022 1553 v.
1036 1491 1076 1554 38
1090 1511 1156 1575 sqq.
1174 1489 1346 1578 Ἰατροκλῆς
1360 1489 1455 1570 Ἠρα-

326 1589 457 1654 κλιώτου
495 1588 662 1677 Ἀριστείδη
690 1588 904 1670 Ἰατροκλείους
941 1593 1156 1676 διασυνέστησε
1194 1591 1252 1676 την
1289 1591 1455 1675 ἱερωσύνην

326 1693 507 1778 Ἀφροδίτης
539 1696 593 1773 τῆς
621 1696 653 1756 ἐν
681 1692 829 1783 Ἐμβότηι,
848 1694 893 1778 ἢν
918 1696 1095 1779 ἐπηγοροίκει
1121 1699 1169 1760 ἐπὶ
1195 1697 1371 1780 Κηφισίωνι
1400 1703 1456 1759 τοῦ

326 1800 418 1873 δεῖνος
440 1793 488 1880 ἐφ’
512 1796 660 1876 ἱεροποιοιλ
676 1796 860 1880 Μήτρωνος,
881 1798 953 1882 ,βμζ
976 1798 1101 1863 ἕπιόνιον
1114 1798 1157 1879 μ’,
1174 1797 1325 1882 ἕγγυητης
1342 1797 1454 1880 Ἰατρο-

326 1903 397 1984 κλῆς
417 1897 641 1980 Ἡρακλεώτου.
685 1899 754 1984 III)
777 1922 805 1964 V.
832 1905 888 1978 151
915 1924 980 1987 sqq.
1004 1900 1202 1984 Ἀρισταγόρη
1222 1900 1453 1983 Διονυσοδώρου

326 2002 405 2083 μιτοί
427 2011 483 2066 τοῦ
504 2001 608 2080 παιδός
625 2004 855 2087 Διονυσοδώρου
871 2013 926 2069 τοῦ
946 2004 1159 2085 Ἀριστομίιιου
1175 2003 1358 2088 κληρονόμος
1377 1999 1453 2068 οδσα

325 2114 386 2170 τῶν
408 2105 620 2189 Ἀριστομένου
643 2115 698 2170 τοῦ
720 2107 931 2191 Μητροδώρου
954 2106 1029 2170 κατὰ
1053 2106 1204 2190 διαθήκην
1227 2110 1453 2191 διασυνίστησιν

325 2211 483 2292 ἱερητείαν,
515 2208 554 2291 ἢν
577 2209 723 2293 ἠγόρασεν
746 2209 959 2295 Ἀριστομένης
982 2208 1197 2293 Μητροδώρου
1227 2212 1276 2274 ἐπὶ
1304 2210 1454 2290 ἱεροποιοῦ

324 2309 536 2396 Ἡγησιιγόρου
559 2311 653 2393 μηνός
680 2319 859 2396 Ληναιῶνος
887 2311 1030 2395 τριακάδι,
1059 2312 1255 2398 Ἀφροδείτης
1285 2309 1452 2394 Πυθοχρη-

326 2444 409 2494 στου,
441 2420 588 2499 δραχμῶν
619 2416 664 2500 ρλ’
696 2420 744 2480 καὶ
776 2419 902 2482 ἐπωνίου
935 2417 969 2496 ε’,
1000 2417 1193 2506 Ἀπολλωνίῳ
1227 2413 1452 2498 Ἀριστομένου,

325 2517 473 2603 ἐγγυητής
506 2518 707 2584 Ἀπολλωνίου
733 2521 959 2604 Διονυσόδωρος
997 2521 1220 2603 Ἀριστομένου.
1265 2520 1453 2602 Ubicunque

301 2625 422 2708 -igitur
453 2621 655 2699 διασυστάσεις
684 2624 774 2704 fiunt,
806 2627 856 2688 oui
885 2626 955 2710 quis
985 2626 1204 2707 διασυνίστηοιν
1233 2622 1394 2705 ἱερητιίαν,
1426 2621 1453 2684 is

325 2729 423 2813 ipsius
447 2735 496 2792 est
517 2727 618 2792 heres.
663 2728 750 2802 Quas
778 2729 983 2805 διασυστοίσεις
1013 2729 1053 2792 de
1082 2729 1267 2792 sacerdotiis
1296 2725 1453 2788 heredita·

324 2833 377 2896 riis
402 2835 527 2897 omnino
550 2854 613 2896 non
636 2833 867 2916 intellegendas
891 2854 960 2897 esse
984 2854 1021 2896 eo
1045 2833 1208 2912 evincitur,
1237 2829 1320 2914 quod
1350 2828 1451 2913 ipsum

324 2936 504 3021 Ἀφροδίτης
543 2934 775 3019 Πυθοχρήοτου
817 2937 1028 3000 sacerdotium
1072 2937 1133 2999 iam
1175 2934 1290 2996 antea¹
1334 2936 1453 2994 emerat

323 3038 539 3123 Ἡρακλεώτης
574 3039 768 3120 Ἡροσολντος.
823 3040 929 3124 Atque
967 3041 1189 3123 comprobatur
1225 3038 1304 3101 haec
1346 3034 1451 3118 opinio

326 3146 464 3210 maxime
489 3165 538 3227 eo,
561 3144 647 3228 quod
662 3144 747 3208 haud
764 3165 864 3229 pauca
880 3144 1056 3208 sacerdotia
1070 3143 1141 3228 plus
1158 3141 1256 3206 semel
1274 3141 1451 3204 venierunt.

325 3250 378 3314 An
400 3269 476 3313 uero
499 3255 649 3332 putamus
671 3249 849 3332 prohibitos
881 3270 950 3313 esse
980 3269 1089 3312 omnes
1119 3247 1172 3331 qui
1203 3245 1264 3308 huc
1294 3243 1453 3327 pertinent

326 3351 517 3433 sacerdotes,
543 3353 709 3437 quominus
734 3360 840 3436 empta
862 3350 1038 3415 sacerdotia
1060 3350 1230 3414 heredibus
1260 3350 1325 3412 suis
1354 3353 1452 3408 trans-

325 3455 486 3520 ferrent?2
530 3456 567 3520 Id
592 3478 666 3520 sane
690 3456 853 3521 fatendum
876 3463 934 3536 est,
957 3454 1133 3518 sacerdotia
1155 3455 1185 3516 in
1211 3452 1303 3517 certis
1326 3447 1450 3512 familiis

324 3560 393 3623 iure
415 3561 544 3634 retineri
568 3561 718 3644 potuisse.
762 3561 869 3644 Atque
893 3561 933 3623 ad
957 3560 1018 3624 hoc
1040 3561 1142 3643 ipsum
1162 3557 1210 3620 ius
1227 3556 1357 3620 verbum
1372 3549 1450 3615 illud

325 3661 547 3747 διασυοτιιίσεις,
570 3667 597 3728 si
619 3665 696 3750 quid
717 3665 826 3745 video,
857 3666 1012 3750 pertinet,
1046 3685 1108 3748 quo
1136 3663 1329 3748 significatur
1351 3653 1449 3720 cessio

313 3759 365 3829 'ad
381 3768 558 3851 proximum
582 3768 731 3832 heredem
753 3769 797 3831 ita
817 3769 912 3851 facta,
935 3775 971 3831 ut
986 3769 1122 3852 pretium
1138 3768 1300 3850 aliquanto
1317 3762 1450 3825 fortasse

326 3871 523 3936 deminutum
546 3871 649 3937 denuo
670 3875 716 3936 rei
738 3873 884 3958 publicae
906 3879 988 3938 esset
1010 3870 1244 3958 pendendum.³

429 3991 644 4079 Quaecunque
677 3993 812 4079 denique
840 3993 923 4081 apud
946 3993 1086 4058 Graecos
1116 3995 1147 4056 in
1172 4013 1232 4056 usu
1257 3989 1376 4055 fuerint
1404 3988 1450 4050 lo·

325 4096 417 4160 candi
437 4099 587 4180 rationes,
611 4118 682 4162 curn
701 4098 1010 4182 1ροιλιιιιλιιιιυτὶοιυυ,
1034 4100 1096 4163 hoc
1117 4118 1224 4179 unum,
1254 4096 1315 4158 nisi
1345 4094 1448 4173 fallor,

325 4211 529 4222 Ἣ

427 4255 641 4322 1muum

426 4343 489 4394 2αλ.
508 4359 532 4409 p.
554 4342 592 4394 17.

428 4429 490 4481 ⁸ef.
515 4433 616 4482 Anthea
642 4447 668 4497 p.
694 4429 738 4483 17:
776 4428 963 4503 ,Ἀρισταγόρῃ
987 4435 1135 4504 κληρονόμος
1157 4430 1205 4486 τοῦ
1223 4471 1229 4483 .
1248 4470 1254 4482 .
1274 4429 1450 4499 διασυνίστησιν

324 4517 440 4592 ἱερηιιίαν
458 4515 473 4567 i.
494 4531 515 4567 e.
534 4515 642 4583 publice
661 4517 826 4586 vendendum
845 4515 998 4586 proponit.“
